% Encoding: UTF-8

%JudicialPolitics-----------------------------------------------------
%JudicialPolitics-----------------------------------------------------
%JudicialPolitics-----------------------------------------------------
@book{Sweet2000,
  author    = {Stone Sweet, Alec},
  booktitle = {Oxford University Press},
  month     = {2},
  title     = {{Governing with judges: Constitutional Politics in Europe}},
  year      = {2000},
  doi       = {10.1093/0198297718.001.0001},
  url       = {https://doi.org/10.1093/0198297718.001.0001}
}

@article{Vanberg2015,
  author  = {Vanberg, Georg},
  journal = {Annual Review of Political Science},
  month   = {5},
  number  = {1},
  pages   = {167--185},
  title   = {{Constitutional Courts in Comparative Perspective: A theoretical assessment}},
  volume  = {18},
  year    = {2015},
  doi     = {10.1146/annurev-polisci-040113-161150},
  url     = {https://doi.org/10.1146/annurev-polisci-040113-161150}
}


@article{Brouard2017,
  author  = {Brouard, Sylvain and Hönnige, Christoph},
  journal = {European Journal of Political Research},
  month   = {1},
  number  = {3},
  pages   = {529--552},
  title   = {{Constitutional courts as veto players: Lessons from the United States, France and Germany}},
  volume  = {56},
  year    = {2017},
  doi     = {10.1111/1475-6765.12192},
  url     = {https://doi.org/10.1111/1475-6765.12192}
}


@article{Staton2008,
  author  = {Staton, Jeffrey K. and Vanberg, Georg},
  journal = {American Journal of Political Science},
  month   = {7},
  number  = {3},
  pages   = {504--519},
  title   = {{The value of vagueness: delegation, defiance, and judicial opinions}},
  volume  = {52},
  year    = {2008},
  doi     = {10.1111/j.1540-5907.2008.00326.x},
  url     = {https://doi.org/10.1111/j.1540-5907.2008.00326.x}
}


@article{Epstein2021,
  author  = {Epstein, Lee and Šadl, Urška and Weinshall, Keren},
  journal = {The American Journal of Comparative Law},
  month   = {12},
  number  = {4},
  pages   = {689--719},
  title   = {{The role of comparative law in the analysis of judicial behavior}},
  volume  = {69},
  year    = {2021},
  doi     = {10.1093/ajcl/avac002},
  url     = {https://doi.org/10.1093/ajcl/avac002}
}


@article{Segal1989,
  author  = {Segal, Jeffrey A. and Cover, Albert D.},
  journal = {American Political Science Review},
  month   = {6},
  number  = {2},
  pages   = {557--565},
  title   = {{Ideological values and the votes of U.S. Supreme Court justices}},
  volume  = {83},
  year    = {1989},
  doi     = {10.2307/1962405},
  url     = {https://doi.org/10.2307/1962405}
}

@book{EpsteinWeinshall2021,
  author = {Epstein, Lee and Weinshall, Keren},
  month  = {5},
  title  = {{The Strategic Analysis of Judicial Behavior}},
  year   = {2021},
  doi    = {10.1017/9781009049030},
  url    = {https://doi.org/10.1017/9781009049030}
}


@article{Segal1997,
  author  = {Segal, Jeffrey A.},
  journal = {American Political Science Review},
  month   = {3},
  number  = {1},
  pages   = {28--44},
  title   = {{Separation-of-Powers games in the positive theory of Congress and courts}},
  volume  = {91},
  year    = {1997},
  doi     = {10.2307/2952257},
  url     = {https://doi.org/10.2307/2952257}
}


@article{Gibson1998,
  author  = {Gibson, James L. and Caldeira, Gregory A. and Baird, Vanessa A.},
  journal = {American Political Science Review},
  month   = {6},
  number  = {2},
  pages   = {343--358},
  title   = {{On the legitimacy of national high courts}},
  volume  = {92},
  year    = {1998},
  doi     = {10.2307/2585668},
  url     = {https://doi.org/10.2307/2585668}
}


@article{Krehbiel206,
  author  = {Krehbiel, Jay},
  journal = {American Journal of Political Science},
  month   = {2},
  number  = {4},
  pages   = {990--1005},
  title   = {{The politics of judicial procedures: The role of public oral hearings in the German Constitutional Court}},
  volume  = {60},
  year    = {2016},
  doi     = {10.1111/ajps.12229},
  url     = {https://doi.org/10.1111/ajps.12229}
}

@article{Sweet1998,
  author  = {Stone Sweet, Alec},
  journal = {Journal of Theoretical Politics},
  month   = {7},
  number  = {3},
  pages   = {327--338},
  title   = {{Rules, dispute resolution, and strategic behavior}},
  volume  = {10},
  year    = {1998},
  doi     = {10.1177/0951692898010003006},
  url     = {https://doi.org/10.1177/0951692898010003006}
}



@article{Vanberg1998,
  author  = {Vanberg, Georg},
  journal = {Journal of Theoretical Politics},
  month   = {7},
  number  = {3},
  pages   = {299--326},
  title   = {{Abstract judicial review, legislative bargaining, and policy compromise}},
  volume  = {10},
  year    = {1998},
  doi     = {10.1177/0951692898010003005},
  url     = {https://doi.org/10.1177/0951692898010003005}
}



@article{Aydn2013,
  author  = {Aydın, Aylin},
  journal = {{Law {\&} Society Review}},
  month   = {2},
  number  = {1},
  pages   = {105--134},
  title   = {{Judicial independence across Democratic regimes: Understanding the varying impact of political competition}},
  volume  = {47},
  year    = {2013},
  doi     = {10.1111/lasr.12003},
  url     = {https://doi.org/10.1111/lasr.12003}
}


@report{Bverfg1,
  author    = {Bundesverfassungsgericht},
  publisher = {Bundesverfassungsgericht},
  title     = {{Second Supplementary Budget Act 2021 is void}},
  url       = {https://www.bundesverfassungsgericht.de/SharedDocs/Pressemitteilungen/EN/2023/bvg23-101.html},
  date      = {2023-11-15},
  note      = {Press release}
}


@report{Bverfg2,
  author    = {Bundesverfassungsgericht},
  publisher = {Bundesverfassungsgericht},
  title     = {{Application for preliminary injunction against transfer of EUR 60 billion borrowing authorisation to ‘Energy and Climate Fund’ rejected}},
  url       = {https://www.bundesverfassungsgericht.de/SharedDocs/Pressemitteilungen/EN/2022/bvg22-104.html},
  date      = {2023-12-08},
  note      = {Press release}
}


@online{Hempel2023,
  author       = {Klaus Hempel},
  publisher    = {tagesschau},
  title        = {{Wie die Ampel gegen das Grundgesetz verstieß}},
  url          = {https://www.tagesschau.de/inland/innenpolitik/bundesverfassungsgericht-nachtragshaushalt-102.html},
  date         = {2023-11-15},
  organization = {tagesschau},
  langid       = {german}
}


@online{BMW1,
  author    = {{Bundesministerium für Wirtschaft und Klimaschutz}},
  publisher = {{Bundesministerium für Wirtschaft und Klimaschutz}},
  title     = {{Was ist eigentlich der Energie- und Klimafonds?}},
  url       = {https://www.bmwk-energiewende.de/EWD/Redaktion/Newsletter/2020/04/Meldung/direkt-erklaert.html},
  langid    = {german}
}


@online{Schäfers2022,
  author       = {Manfred Schäfers},
  publisher    = {Frankfurter Allgemeine Zeitung},
  title        = {{Union verklagt Ampel wegen Nachtragshaushalt in Karlsruhe}},
  url          = {https://www.tagesschau.de/inland/innenpolitik/bundesverfassungsgericht-nachtragshaushalt-102.html},
  date         = {2023-11-15},
  organization = {tagesschau},
  langid       = {german}
}



@online{FAZ2023,
  author = {{Frankfurter Allgemeine Zeitung}},
  title  = {{„Größtes wirtschaftspolitisches Problem der Ampel“}},
  url    = {https://www.faz.net/aktuell/wirtschaft/klima-nachhaltigkeit/nach-bverfg-urteil-wird-bei-der-klimapolitik-gekuerzt-19315351-p2.html},
  date   = {2023-11-15},
  langid = {german}
}




@article{Easton1975,
  author  = {Easton, David},
  journal = {British Journal of Political Science},
  month   = {10},
  number  = {4},
  pages   = {435--457},
  title   = {{A Re-Assessment of the Concept of Political Support}},
  volume  = {5},
  year    = {1975},
  doi     = {10.1017/s0007123400008309},
  url     = {https://doi.org/10.1017/s0007123400008309}
}



@article{Caldeira1992,
  author  = {Caldeira, Gregory A. and Gibson, James L.},
  journal = {American Journal of Political Science},
  month   = {8},
  number  = {3},
  pages   = {635--664},
  title   = {{The etiology of public support for the Supreme Court}},
  volume  = {36},
  year    = {1992},
  doi     = {10.2307/2111585},
  url     = {https://doi.org/10.2307/2111585}
}



@online{Pew2023,
  author       = {Katy Lin and Carrol Doherty},
  publisher    = {Pew Research Center},
  title        = {{Favorable views of Supreme Court fall to historic low}},
  url          = {https://www.pewresearch.org/short-reads/2023/07/21/favorable-views-of-supreme-court-fall-to-historic-low/},
  date         = {2023-07-21},
  organization = {Pew Research Center}
}



@online{NPR2022,
  author       = {Nina Totenberg and Sarah McCammon},
  publisher    = {NPR},
  title        = {{Supreme Court overturns Roe v. Wade, ending right to abortion upheld for decades}},
  url          = {https://www.npr.org/2022/06/24/1102305878/supreme-court-abortion-roe-v-wade-decision-overturn},
  date         = {2022-06-24},
  organization = {NPR}
}

@article{Novak2020,
  author  = {Scott Novak},
  journal = {Georgetown Environmental Law Review},
  month   = {11},
  number  = {4},
  pages   = {743--778},
  title   = {{The Role of Courts in Remedying Climate Chaos: Transcending Judicial Nihilism and Taking Survival Seriously}},
  volume  = {32},
  year    = {2020}
}

@book{Louviere2000,
  author    = {Louviere, Jordan J. and Hensher, David A. and Swait, Joffre and Adamowicz, Wiktor},
  month     = {9},
  title     = {{Stated Choice Methods: Analysis and Applications}},
  year      = {2000},
  doi       = {10.1017/cbo9780511753831},
  publisher = {Cambridge University Press},
  url       = {https://doi.org/10.1017/cbo9780511753831}
}


@book{Vanberg2005,
  author       = {Georg Vanberg},
  title        = {{The Politics of Constitutional Review in Germany}},
  year         = {2005},
  publisher    = {Cambridge University Press},
  organization = {Cambridge University Press}
}



@article{Krehbiel2019,
  author  = {Krehbiel, Jay N.},
  journal = {Journal of Law and Courts},
  month   = {1},
  number  = {1},
  pages   = {53--79},
  title   = {{Elections, Public Awareness, and the Efficacy of Constitutional Review}},
  volume  = {7},
  year    = {2019},
  doi     = {10.1086/699241},
  url     = {https://doi.org/10.1086/699241}
}



@article{Chua2016,
  author  = {Chua, Lynette J. and Haynie, Stacia L.},
  journal = {{Journal of Law and Courts}},
  month   = {1},
  number  = {1},
  pages   = {43--64},
  title   = {{Judicial Review of Executive Power in the Singaporean Context, 1965–2012}},
  volume  = {4},
  year    = {2016},
  doi     = {10.1086/684628},
  url     = {https://doi.org/10.1086/684628}
}



@article{Helmke2002,
  author  = {Helmke, Gretchen},
  journal = {{American Political Science Review}},
  month   = {6},
  number  = {2},
  pages   = {291--303},
  title   = {{The Logic of Strategic Defection: Court–Executive relations in Argentina under dictatorship and democracy}},
  volume  = {96},
  year    = {2002},
  doi     = {10.1017/s0003055402000175},
  url     = {https://doi.org/10.1017/s0003055402000175}
}

@online{Kanno-Younges2022,
  author       = {Kanno-Younges, Zolan},
  organization = {The New York Times},
  date         = {2022-05-12},
  title        = {{A Battle Over How to Battle Over Roe: Protests at Justices' Homes Fuel Rancor}},
  url          = {https://www.nytimes.com/2022/05/12/us/politics/abortion-protests-supreme-court-justices.html}
}

@online{CBS2022,
  author       = {CBS and AP},
  organization = {CBS News},
  date         = {2022-07-03},
  title        = {{Supreme Courts marshal want crack down on picketing, protests outside justices' homes}},
  url          = {https://www.cbsnews.com/news/supreme-court-marshal-wants-crack-down-on-picketing-protests-outside-justices-homes/}
}

@online{Olson2022,
  author       = {Olson, Tyler},
  organization = {Fox News},
  date         = {2022-05-09},
  title        = {{McConnell, Grassley slam protests outside justices' homes, say lawbreakers 'must be held accountable'}},
  url          = {https://www.foxnews.com/politics/senate-republicans-grassley-mcconnell-supreme-court-abortion-roe-protests}
}


@online{Ward2024,
  author       = {Ward, Alex},
  organization = {MailOnline},
  date         = {2024-03-19},
  title        = {{Eco protesters cannot claim a 'climate emergency' as justification for vandalism, the UK's most senior judge rules}},
  url          = {https://www.dailymail.co.uk/news/article-13212441/Eco-protesters-climate-emergency-vandalism-judge-rules.html}
}

@online{Connoly2023,
  author       = {Connoly, Kate},
  organization = {The Guardian},
  date         = {2023-05-24},
  title        = {{German police stage nationwide raids against climate activists}},
  url          = {https://www.theguardian.com/world/2023/may/24/german-police-stage-nationwide-raids-against-climate-activists}
}


@online{Frost2023,
  author       = {Frost, Rosie},
  organization = {Euronews},
  date         = {2023-04-28},
  title        = {{German climate activists stage 10th day of controversial protests in Berlin}},
  url          = {https://www.euronews.com/green/2023/04/28/german-climate-activists-stage-10th-day-of-controversial-protests-in-berlin}
}



@article{Gibson2024b,
  author  = {Gibson, James L.},
  journal = {{The American Political Science Review}},
  month   = {3},
  pages   = {1--8},
  title   = {{Do the Effects of Unpopular Supreme Court Rulings Linger? The Dobbs Decision Rescinding Abortion Rights}},
  date    = {2024-03-22},
  doi     = {10.1017/s0003055424000169},
  url     = {https://doi.org/10.1017/s0003055424000169}
}



@book{Easton1967,
  author    = {Easton, David},
  title     = {{A Systems Analysis of Political Life}},
  year      = {1967},
  publisher = {Wiley}
}


@book{Gamson1968,
  author    = {Gamson, William A.},
  title     = {{Power and Discontent}},
  year      = {1968},
  publisher = {Dorsey}
}



@article{Boynton1968,
  author  = {Boynton, G. R. and Patterson, Samuel C. and Hedlund, Ronald D.},
  journal = {{Midwest Journal of Political Science}},
  month   = {5},
  number  = {2},
  pages   = {163},
  title   = {{The Structure of Public Support for Legislative Institutions}},
  volume  = {12},
  year    = {1968},
  doi     = {10.2307/2110331},
  url     = {https://doi.org/10.2307/2110331}
}



@article{Wahlke1971,
  author  = {Wahlke, John C.},
  journal = {British journal of political science (Print)},
  month   = {7},
  number  = {3},
  pages   = {271--290},
  title   = {{Policy Demands and System Support: The Role of the Represented}},
  volume  = {1},
  year    = {1971},
  doi     = {10.1017/s0007123400009121},
  url     = {https://doi.org/10.1017/s0007123400009121}
}


@article{Christenson2015,
  author  = {Christenson, Dino P. and Glick, David},
  journal = {American journal of political science},
  month   = {11},
  number  = {2},
  pages   = {403--418},
  title   = {{Chief Justice Roberts's Health Care Decision Disrobed: The Microfoundations of the Supreme Court's Legitimacy}},
  volume  = {59},
  year    = {2015},
  doi     = {10.1111/ajps.12150},
  url     = {https://doi.org/10.1111/ajps.12150}
}


@online{Crawford2012,
  author       = {Crawford, Jan},
  organization = {CBS News},
  date         = {2012-07-02},
  title        = {{Roberts switched view to uphold health care law}},
  url          = {https://www.cbsnews.com/news/roberts-switched-views-to-uphold-health-care-law/}
}

@online{Hensley2012,
  author       = {Hensely, Scott},
  organization = {NPR},
  date         = {2012-06-28},
  title        = {{Health Law Survives With Roberts' Vote}},
  url          = {https://www.npr.org/sections/health-shots/2012/06/18/155269171/supreme-court-upholds-care-health-law-rules-mandate-is-a-tax}
}


@article{Gibson2024a,
  author       = {given-i=JL, given={James L.}, family=Gibson},
  date         = {2024-02-06},
  doi          = {10.1111/ajps.12834},
  journaltitle = {{American Journal of Political Science}},
  title        = {{Losing legitimacy: The challenges of the Dobbs ruling to conventional legitimacy theory}},
  pages        = {1--16},
  url          = {https://doi.org/10.1111/ajps.12834}
}


@book{Segal2002,
  author    = {given-i=JA, given={Jeffrey A.}, family=Segal and given-i=HJ, given={Harold J.}, family=Spaeth},
  year      = {2002},
  doi       = {10.1017/cbo9780511615696},
  title     = {{The Supreme Court and the Attitudinal Model Revisited}},
  publisher = {Cambridge University Press},
  url       = {https://doi.org/10.1017/cbo9780511615696}
}


@article{Bonica2021,
  author       = {given-i=A, given=Adam, family=Bonica and given-i=M, given=Maya, family=Sen},
  date         = {2021-02-01},
  doi          = {10.1257/jep.35.1.97},
  journaltitle = {Journal of Economic Perspectives},
  number       = {1},
  pages        = {97--118},
  title        = {E{stimating Judicial Ideology}},
  url          = {https://doi.org/10.1257/jep.35.1.97},
  volume       = {35}
}


@article{Gibson2014,
  author       = {given-i=JL, given={James L.}, family=Gibson and given-i=M, given=Milton, family=Lodge and given-i=B, given=Benjamin, family=Woodson},
  date         = {2014-12-01},
  doi          = {10.1111/lasr.12104},
  journaltitle = {{Law {\&} Society Review}},
  number       = {4},
  pages        = {837--866},
  title        = {{Losing, but Accepting: Legitimacy, Positivity Theory, and the Symbols of Judicial Authority}},
  url          = {https://doi.org/10.1111/lasr.12104},
  volume       = {48}
}


@book{Gibson2009,
  url       = {http://www.jstor.org/stable/j.ctt7s49r},
  author    = {Gibson, James L. and Caldeira, Gregory A.},
  publisher = {Princeton University Press},
  title     = {{Citizens, Courts, and Confirmations: Positivity Theory and the Judgments of the American People}},
  year      = {2009}
}

@book{Lodge2013,
  author    = {given-i=M, given=Milton, family=Lodge and given-i=CS, given={Charles S.}, family=Taber},
  optdate   = {2013-03-05},
  year      = {2013},
  doi       = {10.1017/cbo9781139032490},
  title     = {{The Rationalizing Voter}},
  publisher = {{Cambridge University Press}},
  url       = {https://doi.org/10.1017/cbo9781139032490}
}

@article{Skitka2021,
  author       = {given-i=LJ, given={Linda J.}, family=Skitka and given-i=BE, given={Brittany E.}, family=Hanson and given-i=GS, given={G. Scott}, family=Morgan and given-i=DC, given={Daniel C.}, family=Wisneski},
  date         = {2021-01-04},
  doi          = {10.1146/annurev-psych-063020-030612},
  journaltitle = {Annual Review of Psychology},
  number       = {1},
  pages        = {347--366},
  title        = {{The Psychology of Moral Conviction}},
  url          = {https://doi.org/10.1146/annurev-psych-063020-030612},
  volume       = {72}
}


@article{Mullen2008,
  author       = {given-i=E, given=Elizabeth, family=Mullen and given-i=J, given=Janice, family=Nadler},
  date         = {2008-09-01},
  doi          = {10.1016/j.jesp.2008.04.001},
  journaltitle = {Journal of Experimental Social Psychology},
  number       = {5},
  pages        = {1239--1245},
  title        = {{Moral spillovers: The effect of moral violations on deviant behavior}},
  url          = {https://doi.org/10.1016/j.jesp.2008.04.001},
  volume       = {44}
}


@dataset{jpdata,
  author    = {Nelson, Micahel and Driscoll, Amanda and Krehbiel, Jay and Samarth, Taran},
  publisher = {Harvard Dataverse},
  title     = {{Replication Data for: Evaluating Excuses: How the Public Judges Noncompliance}},
  year      = {2023},
  note      = {Data set},
  url       = {https://doi.org/10.7910/DVN/TIYVXH}
}


@online{BVGCorona,
  author = {Bundesverfassungsgericht},
  title  = {{Unsuccessful constitutional complaint challenging the obligation for staff in the health and care sectors to provide proof of vaccination against COVID-19}},
  year   = {2022},
  note   = {Press release},
  url    = {Unsuccessful constitutional complaint challenging the obligation for staff in the health and care sectors to provide proof of vaccination against COVID-19}
}

@article{Oliver2014,
  author       = {given-i=JE, given={James E.}, family=Oliver and given-i=TJ, given={Thomas J.}, family=Wood},
  date         = {2014-03-05},
  doi          = {10.1111/ajps.12084},
  journaltitle = {American Journal of Political Science},
  number       = {4},
  pages        = {952--966},
  title        = {{Conspiracy Theories and the Paranoid Style(s) of Mass Opinio}n},
  url          = {https://doi.org/10.1111/ajps.12084},
  volume       = {58}
}

@online{Gensing2020,
  author       = {Gensing, Patrick},
  title        = {{Proteste gegen Corona-Maßnahmen: Einfache Erklärungen, klare Feindbilder}},
  date         = {2020-05-01},
  organization = {ARD},
  url          = {https://www.tagesschau.de/investigativ/corona-demos-105.html}
}

%JudicialPolitics----------------------------------------------------
%JudicialPolitics----------------------------------------------------
%JudicialPolitics----------------------------------------------------



%InternationalPolitics-----------------------------------------------
%InternationalPolitics-----------------------------------------------
%InternationalPolitics-----------------------------------------------

@article{Hegre2020,
  author  = {Hegre, Håvard and Bernhard, Michaël and Teorell, Jan},
  journal = {Journal of Conflict Resolution},
  month   = {5},
  number  = {1},
  pages   = {32--62},
  title   = {{Civil society and the democratic peace}},
  volume  = {64},
  year    = {2020},
  doi     = {10.1177/0022002719850620},
  url     = {https://doi.org/10.1177/0022002719850620}
}


@article{Reiter2017,
  author  = {Reiter, Dan},
  journal = {Oxford Research Encyclopedia of Politics},
  month   = {1},
  title   = {{Is democracy a cause of peace?}},
  year    = {2017},
  doi     = {10.1093/acrefore/9780190228637.013.287},
  url     = {https://doi.org/10.1093/acrefore/9780190228637.013.287}
}



@article{Colgan2021,
  author  = {Colgan, Jeff D.},
  journal = {Journal of Global Security Studies},
  month   = {3},
  number  = {1},
  title   = {{Oil and Security: the necessity of political economy}},
  volume  = {6},
  year    = {2021},
  doi     = {10.1093/jogss/ogaa008},
  url     = {https://doi.org/10.1093/jogss/ogaa008}
}


@article{Schneider2014,
  author  = {Schneider, Gerald},
  journal = {Journal of Peace Research},
  month   = {8},
  number  = {2},
  pages   = {173--183},
  title   = {{Peace through globalization and capitalism? Prospects of two liberal propositions}},
  volume  = {51},
  year    = {2014},
  doi     = {10.1177/0022343313497739},
  url     = {https://doi.org/10.1177/0022343313497739}
}


@article{Denny2014,
  author  = {Denny, Elaine K. and Walter, Barbara F.},
  journal = {Journal of Peace Research},
  month   = {3},
  number  = {2},
  pages   = {199--212},
  title   = {{Ethnicity and civil war}},
  volume  = {51},
  year    = {2014},
  doi     = {10.1177/0022343313512853},
  url     = {https://doi.org/10.1177/0022343313512853}
}


@article{Cederman2017,
  author  = {Cederman, Lars‐Erik and Vogt, Manuel},
  journal = {Journal of Conflict Resolution},
  month   = {7},
  number  = {9},
  pages   = {1992--2016},
  title   = {{Dynamics and logics of Civil War}},
  volume  = {61},
  year    = {2017},
  doi     = {10.1177/0022002717721385},
  url     = {https://doi.org/10.1177/0022002717721385}
}


@article{Bernauer2013,
  author  = {Bernauer, Thomas},
  journal = {Annual Review of Political Science},
  month   = {5},
  number  = {1},
  pages   = {421--448},
  title   = {{Climate change politics}},
  volume  = {16},
  year    = {2013},
  doi     = {10.1146/annurev-polisci-062011-154926},
  url     = {https://doi.org/10.1146/annurev-polisci-062011-154926}
}

@book{Mitchell2009,
  author    = {Mitchell, R. Judson},
  month     = {1},
  title     = {{International politics and the environment}},
  year      = {2009},
  doi       = {10.4135/9781446269503},
  url       = {https://doi.org/10.4135/9781446269503},
  publisher = {Sage Publications}
}


@article{Koubi2019,
  author  = {Koubi, Vally},
  journal = {Annual Review of Political Science},
  month   = {5},
  number  = {1},
  pages   = {343--360},
  title   = {{Climate change and conflict}},
  volume  = {22},
  year    = {2019},
  doi     = {10.1146/annurev-polisci-050317-070830},
  url     = {https://doi.org/10.1146/annurev-polisci-050317-070830}
}


	@article{Gleditsch2021,
  author  = {Gleditsch, Nils Petter},
  journal = {Journal of Peace Research},
  month   = {12},
  number  = {1},
  pages   = {177--185},
  title   = {{This time is different! Or is it? NeoMalthusians and environmental optimists in the age of climate change}},
  volume  = {58},
  year    = {2021},
  doi     = {10.1177/0022343320969785},
  url     = {https://doi.org/10.1177/0022343320969785}
}

	@article{Ross2015,
  author  = {Ross, Michael L.},
  journal = {Annual Review of Political Science},
  month   = {5},
  number  = {1},
  pages   = {239--259},
  title   = {{What have we learned about the resource curse?}},
  volume  = {18},
  year    = {2015},
  doi     = {10.1146/annurev-polisci-052213-040359},
  url     = {https://doi.org/10.1146/annurev-polisci-052213-040359}
}



@article{Bakaki2022,
  author  = {Bakaki, Zorzeta and Böhmelt, Tobias and Ward, Hugh},
  journal = {Global Environmental Politics},
  month   = {1},
  number  = {2},
  pages   = {156--179},
  title   = {{Carbon Emission Performance and Regime Type: The role of Inequality}},
  volume  = {22},
  year    = {2022},
  doi     = {10.1162/glep_a_00656},
  url     = {https://muse.jhu.edu/article/853334}
}


@article{Dörffel2023,
  author  = {D\"orffel, Christoph and Freytag, Andreas},
  journal = {World Development},
  month   = {5},
  pages   = {{Article 106186}},
  title   = {{The poverty effect of democratization}},
  volume  = {165},
  year    = {2023},
  doi     = {10.1016/j.worlddev.2023.106186},
  url     = {https://doi.org/10.1016/j.worlddev.2023.106186}
}


@article{Smidt2020,
  author  = {Smidt, Hannah},
  journal = {Journal of Conflict Resolution},
  month   = {7},
  number  = {2-3},
  pages   = {344--372},
  title   = {{United Nations Peacekeeping locally: Enabling conflict resolution, reducing communal violence}},
  volume  = {64},
  year    = {2020},
  doi     = {10.1177/0022002719859631},
  url     = {https://doi.org/10.1177/0022002719859631}
}

@article{Mross2022,
  author  = {Mroß, Karina and Fiedler, Charlotte and Grävingholt, Jörn},
  journal = {International Studies Quarterly},
  month   = {12},
  number  = {1},
  title   = {{Identifying Pathways to Peace: How international support can help prevent conflict recurrence}},
  volume  = {66},
  year    = {2022},
  doi     = {10.1093/isq/sqab091},
  url     = {https://doi.org/10.1093/isq/sqab091}
}


@article{Walter2020,
  author  = {Walter, Barbara F. and Howard, Lise Morjé and Fortna, Virginia Page},
  journal = {British Journal of Political Science},
  month   = {11},
  number  = {4},
  pages   = {1705--1722},
  title   = {{The extraordinary relationship between peacekeeping and peace}},
  volume  = {51},
  year    = {2020},
  doi     = {10.1017/s000712342000023x},
  url     = {https://doi.org/10.1017/s000712342000023x}
}


@report{UN2023,
  author = {{United Nations Department of Economic and Social Affairs}},
  title  = {{The Sustainable Development Goals Report 2023: Special edition}},
  url    = {https://unstats.un.org/sdgs/report/2023/},
  year   = {2023}
}

@article{Acemoglu2019,
  author  = {Acemoğlu, Daron and Naidu, Suresh and Restrepo, Pascual and Robinson, James A.},
  journal = {Journal of Political Economy},
  month   = {2},
  number  = {1},
  pages   = {47--100},
  title   = {{Democracy does cause growth}},
  volume  = {127},
  year    = {2019},
  doi     = {10.1086/700936},
  url     = {https://doi.org/10.1086/700936}
}


@article{Jorda2005,
  author  = {Jordà, Òscar},
  journal = {The American Economic Review},
  month   = {2},
  number  = {1},
  pages   = {161--182},
  title   = {{Estimation and inference of impulse responses by local projections}},
  volume  = {95},
  year    = {2005},
  doi     = {10.1257/0002828053828518},
  url     = {https://doi.org/10.1257/0002828053828518}
}

@article{Kline2011,
  author  = {Kline, Patrick},
  title   = {Oaxaca-Blinder as a Reweighting Estimator},
  journal = {American Economic Review},
  volume  = {101},
  number  = {3},
  year    = {2011},
  month   = {3},
  pages   = {532-37},
  doi     = {10.1257/aer.101.3.532},
  url     = {https://www.aeaweb.org/articles?id=10.1257/aer.101.3.532}
}


@article{Angrist2011,
  author  = {Angrist, Joshua D. and Kuersteiner, Guido M.},
  journal = {The Review of Economics and Statistics},
  month   = {8},
  number  = {3},
  pages   = {725--747},
  title   = {{Causal effects of monetary shocks: semiparametric conditional independence tests with a multinomial propensity score}},
  volume  = {93},
  year    = {2011},
  doi     = {10.1162/rest_a_00109},
  url     = {https://doi.org/10.1162/rest_a_00109}
}


@article{Angrist2018,
  author  = {Angrist, Joshua D. and Jordà, Òscar and Kuersteiner, Guido M.},
  journal = {{Journal of Business {\&} Economic Statistics}},
  month   = {5},
  number  = {3},
  pages   = {371--387},
  title   = {{Semiparametric Estimates of Monetary Policy Effects: String Theory Revisited}},
  volume  = {36},
  year    = {2018},
  doi     = {10.1080/07350015.2016.1204919},
  url     = {https://doi.org/10.1080/07350015.2016.1204919}
}


@article{Colagrossi2020,
  author  = {Colagrossi, Marco and Rossignoli, Domenico and Maggioni, Mario A.},
  journal = {European Journal of Political Economy},
  month   = {1},
  pages   = {101824},
  title   = {{Does democracy cause Growth? A Meta-analysis (of 2000 regressions)}},
  volume  = {61},
  year    = {2020},
  doi     = {10.1016/j.ejpoleco.2019.101824},
  url     = {https://doi.org/10.1016/j.ejpoleco.2019.101824}
}


@inbook{Martin2013,
  author    = {Lisa Martin and Beth A. Simmons},
  title     = {{Interational Organization and Institutions}},
  booktitle = {{Handbooks of International Relations}},
  editor    = {Walter Carlnaes and Thomas Risse and Beth A. Simmons},
  year      = {2013},
  publisher = {SAGE Publications},
  pages     = {326--352}
}


@article{Abbott1998,
  author  = {Abbott, Kenneth W. and Snidal, Duncan},
  journal = {Journal of Conflict Resolution},
  month   = {2},
  number  = {1},
  pages   = {3--32},
  title   = {{Why states act through formal international organizations}},
  volume  = {42},
  year    = {1998},
  doi     = {10.1177/0022002798042001001},
  url     = {https://doi.org/10.1177/0022002798042001001}
}


@article{Baccini2015,
  author  = {Baccini, Leonardo and Dür, Andreas and Elsig, Manfred},
  title   = {{The Politics of Trade Agreement Design: Revisiting the Depth–Flexibility Nexus}},
  journal = {International Studies Quarterly},
  volume  = {59},
  number  = {4},
  pages   = {765-775},
  year    = {2015},
  month   = {12},
  issn    = {0020-8833},
  doi     = {10.1111/isqu.12188},
  url     = {https://doi.org/10.1111/isqu.12188},
  eprint  = {https://academic.oup.com/isq/article-pdf/59/4/765/5083125/59-4-765.pdf}
}


@article{Downs1996,
  title     = {Is the good news about compliance good news about cooperation?},
  volume    = {50},
  doi       = {10.1017/S0020818300033427},
  number    = {3},
  journal   = {International Organization},
  publisher = {Cambridge University Press},
  author    = {Downs, George W. and Rocke, David M. and Barsoom, Peter N.},
  year      = {1996},
  pages     = {379–-406}
}


@book{Oatley2023,
  author    = {Thomas Oatley},
  title     = {{International Political Economy}},
  year      = {2023},
  edition   = {7},
  publisher = {Routledge}
}


@article{Kim2019,
  author  = {Kim, In Song and Osgood, Iain},
  journal = {Annual Review of Political Science},
  month   = {5},
  number  = {1},
  pages   = {399--417},
  title   = {{Firms in trade and trade politics}},
  volume  = {22},
  year    = {2019},
  doi     = {10.1146/annurev-polisci-050317-063728},
  url     = {https://doi.org/10.1146/annurev-polisci-050317-063728}
}


%ResearchDesign---------------------------------------------------------------------
%ResearchDesign---------------------------------------------------------------------
%ResearchDesign---------------------------------------------------------------------
%ResearchDesign---------------------------------------------------------------------
%ResearchDesign---------------------------------------------------------------------
%ResearchDesign---------------------------------------------------------------------
@article{Chapin1938,
  author  = {Chapin, F. Stuart},
  journal = {American Sociological Review},
  month   = {12},
  number  = {6},
  pages   = {786},
  title   = {{Design for social experiments}},
  volume  = {3},
  year    = {1938},
  doi     = {10.2307/2084712},
  url     = {https://doi.org/10.2307/2084712}
}



@article{Ho2007,
  title     = {Matching as Nonparametric Preprocessing for Reducing Model Dependence in Parametric Causal Inference},
  volume    = {15},
  doi       = {10.1093/pan/mpl013},
  number    = {3},
  journal   = {Political Analysis},
  publisher = {Cambridge University Press},
  author    = {Ho, Daniel E. and Imai, Kosuke and King, Gary and Stuart, Elizabeth A.},
  year      = {2007},
  pages     = {199–236}
}

@book{Dunning2012,
  author    = {Dunning, Thad},
  month     = {9},
  title     = {{Natural experiments in the Social Sciences}},
  year      = {2012},
  doi       = {10.1017/cbo9781139084444},
  url       = {https://doi.org/10.1017/cbo9781139084444},
  publisher = {Cambridge University Press}
}


@article{Doherty2006,
  author  = {Doherty, Daniel and Gerber, Alan S. and Green, Donald P.},
  journal = {Political Psychology},
  month   = {6},
  number  = {3},
  pages   = {441--458},
  title   = {{Personal Income and Attitudes Toward Redistribution: A study of lottery winners}},
  volume  = {27},
  year    = {2006},
  doi     = {10.1111/j.1467-9221.2006.00509.x},
  url     = {https://doi.org/10.1111/j.1467-9221.2006.00509.x}
}


@article{Krasno2008,
  author  = {Krasno, Jonathan S. and Green, Donald P.},
  journal = {The Journal of Politics},
  month   = {1},
  number  = {1},
  pages   = {245--261},
  title   = {{Do televised presidential ads increase voter turnout? Evidence from a natural experiment}},
  volume  = {70},
  year    = {2008},
  doi     = {10.1017/s0022381607080176},
  url     = {https://doi.org/10.1017/s0022381607080176}
}


@article{Mccauley2015,
  author  = {McCauley, John F. and Posner, Daniel N.},
  journal = {Political Science Research and Methods},
  month   = {12},
  number  = {2},
  pages   = {409--418},
  title   = {{African borders as sources of natural experiments promise and pitfalls}},
  volume  = {3},
  year    = {2015},
  doi     = {10.1017/psrm.2014.37},
  url     = {https://doi.org/10.1017/psrm.2014.37}
}


@article{Thistlethwaite1960,
  author  = {Thistlethwaite, Donald L. and Campbell, Donald T.},
  journal = {Journal of Educational Psychology},
  month   = {12},
  number  = {6},
  pages   = {309--317},
  title   = {{Regression-discontinuity analysis: an alternative to the ex post facto experiment.}},
  volume  = {51},
  year    = {1960},
  doi     = {10.1037/h0044319},
  url     = {https://doi.org/10.1037/h0044319}
}


@article{Imbens2008,
  author  = {Imbens, Guido W. and Lemieux, Thomas},
  journal = {Journal of Econometrics},
  month   = {2},
  number  = {2},
  pages   = {615--635},
  title   = {{Regression Discontinuity Designs: A Guide to Practice}},
  volume  = {142},
  year    = {2008},
  doi     = {10.1016/j.jeconom.2007.05.001},
  url     = {https://doi.org/10.1016/j.jeconom.2007.05.001}
}




@article{Holland1986,
  author  = {Holland, Paul W.},
  journal = {Journal of the American Statistical Association},
  month   = {12},
  number  = {396},
  pages   = {945--960},
  title   = {{Statistics and causal inference}},
  volume  = {81},
  year    = {1986},
  doi     = {10.1080/01621459.1986.10478354},
  url     = {https://doi.org/10.1080/01621459.1986.10478354}
}



@article{Rubin1977,
  author  = {Rubin, Donald B.},
  journal = {Journal of educational statistics},
  month   = {1},
  number  = {1},
  pages   = {1--26},
  title   = {{Assignment to treatment group on the basis of a covariate}},
  volume  = {2},
  year    = {1977},
  doi     = {10.2307/1164933},
  url     = {https://doi.org/10.2307/1164933}
}


@article{Rubin1974,
  author  = {Rubin, Donald B.},
  journal = {Journal of Educational Psychology},
  month   = {10},
  number  = {5},
  pages   = {688--701},
  title   = {{Estimating causal effects of treatments in randomized and nonrandomized studies.}},
  volume  = {66},
  year    = {1974},
  doi     = {10.1037/h0037350},
  url     = {https://doi.org/10.1037/h0037350}
}


@article{Angrist1990,
  title   = {{Lifetime Earnings and the Vietnam Era Draft Lottery: Evidence from Social Security Administrative Records}},
  volume  = {80},
  url     = {https://www.jstor.org/stable/2006669},
  number  = {3},
  journal = {The American Economic Review},
  author  = {Angrist, Joshua D.},
  year    = {1990},
  pages   = {313–336}
}



@article{Angrist1996,
  author    = {Angrist, Joshua D. and Imbens, Guido W.  and Rubin, Donald B. },
  title     = {{Identification of Causal Effects Using Instrumental Variables}},
  journal   = {Journal of the American Statistical Association},
  volume    = {91},
  number    = {434},
  pages     = {444-455},
  year      = {1996},
  publisher = {{Taylor {\&} Francis}},
  doi       = {10.1080/01621459.1996.10476902},
  url       = {https://www.tandfonline.com/doi/abs/10.1080/01621459.1996.10476902}
}


@article{Aytac2017,
  author  = {Aytaç, S. Erdem and Schiumerini, Luis and Stokes, Susan C.},
  journal = {Journal of Conflict Resolution},
  month   = {1},
  number  = {6},
  pages   = {1205--1228},
  title   = {{Why do people join backlash protests? Lessons from Turkey}},
  volume  = {62},
  year    = {2017},
  doi     = {10.1177/0022002716686828},
  url     = {https://doi.org/10.1177/0022002716686828}
}





@book{Shadish2002,
  author    = {Shadish, William R. and Cook, Thomas D. and Campbell, Donald Thomas},
  month     = {1},
  publisher = {Cengage Learning},
  title     = {{Experimental and quasi-experimental designs for generalized causal inference}},
  year      = {2002}
}


@article{Imai2011,
  author  = {Imai, Kosuke and Keele, Luke and Tingley, Dustin and Yamamoto, Teppei},
  journal = {American Political Science Review},
  month   = {11},
  number  = {4},
  pages   = {765--789},
  title   = {{Unpacking the black box of causality: learning about causal mechanisms from experimental and observational studies}},
  volume  = {105},
  year    = {2011},
  doi     = {10.1017/s0003055411000414},
  url     = {https://doi.org/10.1017/s0003055411000414}
}



@book{Pearl2009,
  author    = {Pearl, Judea},
  month     = {9},
  title     = {{Causality: Models, Reasoning and Inference}},
  year      = {2009},
  publisher = {{Cambridge University Press}},
  edition   = {2},
  doi       = {10.1017/cbo9780511803161},
  url       = {https://doi.org/10.1017/cbo9780511803161}
}

@article{Baron1986,
  author  = {Baron, Reuben M. and Kenny, David A.},
  journal = {Journal of Personality and Social Psychology},
  month   = {1},
  number  = {6},
  pages   = {1173--1182},
  title   = {{The Moderator–Mediator Variable Distinction in Social Psychological Research: conceptual, strategic, and statistical considerations.}},
  volume  = {51},
  year    = {1986},
  doi     = {10.1037/0022-3514.51.6.1173},
  url     = {https://doi.org/10.1037/0022-3514.51.6.1173}
}



@article{Pearl2014,
  author  = {Pearl, Judea},
  journal = {Journal of causal inference},
  month   = {9},
  number  = {2},
  pages   = {115--129},
  title   = {{The deductive approach to causal inference}},
  volume  = {2},
  year    = {2014},
  doi     = {10.1515/jci-2014-0016},
  url     = {https://doi.org/10.1515/jci-2014-0016}
}







@article{Lijphart1971,
  author  = {Lijphart, Arend},
  journal = {American Political Science Review},
  month   = {9},
  number  = {3},
  pages   = {682--693},
  title   = {{Comparative Politics and the Comparative Method}},
  volume  = {65},
  year    = {1971},
  doi     = {10.2307/1955513},
  url     = {https://doi.org/10.2307/1955513}
}


@book{Przeworski1970,
  author    = {Przeworski,Adam and Teune,Henry},
  title     = {{The Logic of Comparative Social Inquiry}},
  year      = {1970},
  publisher = {Wiley}
}



@article{Nielsen2016,
  author  = {Nielsen, Richard A.},
  journal = {Sociological Methods {\&} Research},
  month   = {10},
  number  = {3},
  pages   = {569--597},
  title   = {{Case selection via matching}},
  volume  = {45},
  year    = {2016},
  doi     = {10.1177/0049124114547054},
  url     = {https://doi.org/10.1177/0049124114547054}
}



@article{Abadie2003,
  author  = {Abadie, Alberto and Gardeazábal, Javier},
  journal = {The American Economic Review},
  month   = {2},
  number  = {1},
  pages   = {113--132},
  title   = {{The Economic Costs of Conflict: A case study of the Basque Country}},
  volume  = {93},
  year    = {2003},
  doi     = {10.1257/000282803321455188},
  url     = {https://doi.org/10.1257/000282803321455188}
}



@article{Xu2017,
  author  = {Xu, Yiqing},
  journal = {Political Analysis},
  month   = {1},
  number  = {1},
  pages   = {57--76},
  title   = {{Generalized Synthetic Control Method: causal inference with interactive fixed effects models}},
  volume  = {25},
  year    = {2017},
  doi     = {10.1017/pan.2016.2},
  url     = {https://doi.org/10.1017/pan.2016.2}
}



%DifferentiatedIntegration----------------------------------
%-----------------------------------------------------------
%-----------------------------------------------------------
%-----------------------------------------------------------

@book{Leuffen2022,
  author    = {Leuffen, Dirk and Rittberger, Berthold and Schimmelfennig, Frank},
  month     = {1},
  title     = {{Integration and differentiation in the European Union. Theories and Policies}},
  year      = {2022},
  doi       = {10.1007/978-3-030-76677-1},
  url       = {https://doi.org/10.1007/978-3-030-76677-1},
  publisher = {Palgrave Macmillan},
  edition   = {2}
}





@article{Chiocchetti2023,
  author  = {Chiocchetti, Paolo},
  journal = {JCMS: Journal of Common Market Studies},
  month   = {2},
  number  = {5},
  pages   = {1337--1359},
  title   = {{A Quantitative Analysis of Legal Integration and Differentiation in the European Union, 1958–2020}},
  volume  = {61},
  year    = {2023},
  doi     = {10.1111/jcms.13467},
  url     = {https://doi.org/10.1111/jcms.13467}
}



@article{Winzen2015,
  author  = {Winzen, Thomas},
  journal = {European Journal of Political Research},
  month   = {12},
  number  = {1},
  pages   = {100--119},
  title   = {{From Capacity to Sovereignty: Legislative politics and differentiated integration in the European Union}},
  volume  = {55},
  year    = {2015},
  doi     = {10.1111/1475-6765.12124},
  url     = {https://doi.org/10.1111/1475-6765.12124}
}


@online{EUI2021,
  author = {{European University Institute}},
  title  = {{EU Legislation}},
  url    = {https://www.eui.eu/Research/Library/ResearchGuides/EuropeanInformation/EU-Legislation
            },
  date   = {2021-04-15},
  langid = {english}
}



@article{Hix2011,
  author  = {Hix, Simon and Marsh, Michael},
  journal = {Electoral Studies},
  month   = {3},
  number  = {1},
  pages   = {4--15},
  title   = {{Second-order effects plus pan-European political swings: An analysis of European parliament elections across time}},
  volume  = {30},
  year    = {2011},
  doi     = {10.1016/j.electstud.2010.09.017},
  url     = {https://doi.org/10.1016/j.electstud.2010.09.017}
}



@article{Hix2009,
  author  = {Hix, Simon and Noury, Abdul},
  journal = {Legislative Studies Quarterly},
  month   = {5},
  number  = {2},
  pages   = {159--174},
  title   = {{After enlargement: Voting patterns in the sixth European Parliament}},
  volume  = {34},
  year    = {2009},
  doi     = {10.3162/036298009788314282},
  url     = {https://doi.org/10.3162/036298009788314282}
}



@article{Schimmelfennig2022,
  author  = {Schimmelfennig, Frank and Leuffen, Dirk and De Vries, Catherine E.},
  journal = {European Union Politics},
  month   = {8},
  number  = {1},
  pages   = {3--20},
  title   = {{Differentiated integration in the European Union: institutional effects, public opinion, and alternative flexibility arrangements}},
  volume  = {24},
  year    = {2022},
  doi     = {10.1177/14651165221119083},
  url     = {https://doi.org/10.1177/14651165221119083}
}


@report{Schimmelfennig2023,
  author      = {Schimmelfennig, F. and Winzen, T.},
  title       = {{Differentiated EU Integration: Maps and Modes}},
  year        = {2020},
  orgnisation = {{Roberts Schuman Centre for Advanced Studies}},
  publisher   = {{Roberts Schuman Centre for Advanced Studies}},
  type        = {{EUI Working Paper RSCAS 2020/24}},
  url         = {https://cadmus.eui.eu/handle/1814/66880}
}


@book{Kleine2013,
  isbn      = {9780801452116},
  url       = {http://www.jstor.org/stable/10.7591/j.ctt32b5zm.10},
  author    = {Mareike Kleine},
  booktitle = {Informal Governance in the European Union: How Governments Make International Organizations Work},
  pages     = {87--107},
  publisher = {Cornell University Press},
  title     = {{Informal Governance in the European Union: How Governments Make International Organizations Work}},
  year      = {2013}
}


@article{Leuffen2020,
  author  = {Leuffen, Dirk and Schuessler, Julian and Díaz, Jana Gómez},
  journal = {Journal of European Public Policy},
  month   = {10},
  number  = {2},
  pages   = {218--237},
  title   = {{Public support for differentiated integration: individual liberal values and concerns about member state discrimination}},
  volume  = {29},
  year    = {2020},
  doi     = {10.1080/13501763.2020.1829005},
  url     = {https://doi.org/10.1080/13501763.2020.1829005}
}


@article{Schuessler2022,
  author  = {Schuessler, Julian and Heermann, Max and Leuffen, Dirk and De Blok, Lisanne and De Vries, Catherine E.},
  journal = {European Union Politics},
  month   = {9},
  number  = {1},
  pages   = {164--183},
  title   = {{Mapping public support for the varieties of differentiated integration}},
  volume  = {24},
  year    = {2022},
  doi     = {10.1177/14651165221127633},
  url     = {https://doi.org/10.1177/14651165221127633}
}



@inbook{Harish2018,
  author    = {Nikki Harish and Michael Plouffe},
  title     = {{The Political Economy of Foreign Direct Investemnt to Developing Countries}},
  booktitle = {{Handbook of the International Political Economy of Development}},
  editor    = {David Hudson},
  year      = {2018},
  edition   = {1}
}


@article{Wright2010,
  author  = {Wright, Joseph and Winters, Matthew S.},
  journal = {Annual Review of Political Science},
  month   = {5},
  number  = {1},
  pages   = {61--80},
  title   = {{The Politics of Effective Foreign Aid}},
  volume  = {13},
  year    = {2010},
  doi     = {10.1146/annurev.polisci.032708.143524},
  url     = {https://doi.org/10.1146/annurev.polisci.032708.143524}
}


@article{Winters2014,
  author  = {Winters, Matthew S.},
  journal = {International Studies Quarterly},
  month   = {5},
  number  = {2},
  pages   = {393--404},
  title   = {{Targeting, Accountability and Capture in Development Projects}},
  volume  = {58},
  year    = {2014},
  doi     = {10.1111/isqu.12075},
  url     = {https://doi.org/10.1111/isqu.12075}
}


@article{Sarkees2003,
  author  = {Sarkees, Meredith Reid and Wayman, Frank Whelon and Singer, J. David},
  journal = {International Studies Quarterly},
  month   = {3},
  number  = {1},
  pages   = {49--70},
  title   = {{Inter-State, Intra-State, and Extra-State Wars: A Comprehensive Look at Their Distribution over Time, 1816-1997}},
  volume  = {47},
  year    = {2003},
  doi     = {10.1111/1468-2478.4701003},
  url     = {https://doi.org/10.1111/1468-2478.4701003}
}



@article{Jones1996,
  author  = {Jones, Daniel M. and Bremer, Stuart A. and Singer, J. David},
  journal = {Conflict Management and Peace Science},
  month   = {9},
  number  = {2},
  pages   = {163--213},
  title   = {{Militarized Interstate Disputes, 1816–1992: Rationale, Coding Rules, and Empirical Patterns}},
  volume  = {15},
  year    = {1996},
  doi     = {10.1177/073889429601500203},
  url     = {https://doi.org/10.1177/073889429601500203}
}



@inbook{Levy2013,
  author    = {Jack S. Levy},
  title     = {{Interstate War and Peace}},
  booktitle = {{Handbook of International Relations}},
  editor    = {Walter Carlesnaes and Thomas Risse and Beth A. Simmons},
  year      = {2013},
  edition   = {2},
  publisher = {{SAGE Publications}},
  pages     = {581--606}
}

@article{Tomz2020,
  author  = {Tomz, Michael and Weeks, Jessica L. P. and Yarhi-Milo, Keren},
  journal = {International Organization},
  month   = {12},
  number  = {1},
  pages   = {119--143},
  title   = {{Public Opinion and Decisions About Military Force in Democracies}},
  volume  = {74},
  year    = {2020},
  doi     = {10.1017/s0020818319000341},
  url     = {https://doi.org/10.1017/s0020818319000341}
}

@article{TomzWeeks2020,
  author  = {Tomz, Michael and Weeks, Jessica L. P.},
  journal = {The Journal of Politics},
  month   = {1},
  number  = {1},
  pages   = {182--194},
  title   = {{Human Rights and Public Support for War}},
  volume  = {82},
  year    = {2020},
  doi     = {10.1086/705741},
  url     = {https://doi.org/10.1086/705741}
}


@article{Tomz2013,
  author  = {Tomz, Michael and Weeks, Jessica L. P.},
  journal = {American Political Science Review},
  month   = {11},
  number  = {4},
  pages   = {849--865},
  title   = {{Public Opinion and the Democratic Peace}},
  volume  = {107},
  year    = {2013},
  doi     = {10.1017/s0003055413000488},
  url     = {https://doi.org/10.1017/s0003055413000488}
}


@book{Horowitz2015,
  author    = {Horowitz, Michael C. and Stam, Allan C. and Ellis, Cali M.},
  month     = {9},
  title     = {{Why leaders fight}},
  year      = {2015},
  publisher = {Cambridge University Press}
}


@article{Koch2011,
  author  = {Koch, Michael T. and Fulton, Sarah A.},
  journal = {The Journal of Politics},
  month   = {1},
  number  = {1},
  pages   = {1--16},
  title   = {{In the Defense of Women: Gender, Office Holding, and National Security Policy in Established Democracies}},
  volume  = {73},
  year    = {2011},
  doi     = {10.1017/s0022381610000824},
  url     = {https://doi.org/10.1017/s0022381610000824}
}

@article{Caprioli2001,
  author  = {Caprioli, Mary and Boyer, Mark A.},
  journal = {Journal of Conflict Resolution},
  month   = {8},
  number  = {4},
  pages   = {503--518},
  title   = {{Gender, Violence, and International Crisis}},
  volume  = {45},
  year    = {2001},
  doi     = {10.1177/0022002701045004005},
  url     = {https://doi.org/10.1177/0022002701045004005}
}


@article{Cohen2022,
  author  = {Cohen, Dara Kay and Karim, Sabrina},
  journal = {International Organization},
  month   = {7},
  number  = {2},
  pages   = {414--444},
  title   = {{Does More Equality for Women Mean Less War? Rethinking Sex and Gender Inequality and Political Violence}},
  volume  = {76},
  year    = {2022},
  doi     = {10.1017/s0020818321000333},
  url     = {https://doi.org/10.1017/s0020818321000333}
}



@book{Angell1912,
  author    = {Norman Angell},
  title     = {{The Great Illusion: A study of the Relations of Military Power in Nations to Their Economic and Social Advantage}},
  year      = {1912},
  publisher = {Heinemann}
}

@book{Schumpeter1919,
  author    = {Joseph Schumpeter},
  title     = {{Zur Soziologie der Imperialismen}},
  year      = {1919},
  publisher = {Mohr Siebeck}
}


@inbook{Weede2003,
  author    = {Erich Weede},
  title     = {{Globalization: Creative Destruction and the Prospect of a Capitalist Peace}},
  booktitle = {{Globalization and Armed Conflict}},
  editor    = {Gerald Schneider and Katherine Barbieri and Nils P. Gleditsch},
  year      = {2003},
  publisher = {{Rowman {\&} Littlefield}},
  pages     = {311--323}
}

@article{Barbieri1996,
  author  = {Barbieri, Katherine},
  journal = {Journal of Peace Research},
  month   = {2},
  number  = {1},
  pages   = {29--49},
  title   = {{Economic Interdependence: A Path to Peace or a Source of Interstate Conflict?}},
  volume  = {33},
  year    = {1996},
  doi     = {10.1177/0022343396033001003},
  url     = {https://doi.org/10.1177/0022343396033001003}
}


@book{Barbieri2002,
  author    = {Barbieri, Katherine},
  publisher = {{University of Michigan Press}},
  title     = {{The Liberal Illusion}},
  year      = {2002},
  doi       = {10.3998/mpub.16590},
  url       = {https://doi.org/10.3998/mpub.16590}
}


@article{Gartzke2007,
  author  = {Gartzke, Erik},
  journal = {American Journal of Political Science},
  month   = {1},
  number  = {1},
  pages   = {166--191},
  title   = {{The Capitalist Peace}},
  volume  = {51},
  year    = {2007},
  doi     = {10.1111/j.1540-5907.2007.00244.x},
  url     = {https://doi.org/10.1111/j.1540-5907.2007.00244.x}
}


@article{Mousseau2013,
  author  = {Mousseau, Michael},
  journal = {International Studies Quarterly},
  month   = {10},
  number  = {1},
  pages   = {186--197},
  title   = {{The Democratic Peace Unraveled: It’s the Economy}},
  volume  = {57},
  year    = {2013},
  doi     = {10.1111/isqu.12003},
  url     = {https://doi.org/10.1111/isqu.12003}
}


@book{Kant1795,
  author    = {Immanuel Kant},
  publisher = {{Friedrich Nicolovius}},
  title     = {{Zum ewigen Frieden: Ein philosophischer Entwurf}},
  year      = {1795},
  doi       = {https://doi.org/10.3931/e-rara-25308}
}


@book{Gurr1970,
  author    = {Ted R. Gurr},
  publisher = {{Routledge}},
  title     = {{Why Men Rebel}},
  year      = {1970},
  edition   = {1}
}



@article{Collier2004,
  author  = {Paul Collier and Anke Hoeffler},
  journal = {Oxford Economic Papers},
  month   = {6},
  number  = {4},
  pages   = {563--595},
  title   = {{Greed and grievance in civil war}},
  volume  = {56},
  year    = {2004},
  doi     = {10.1093/oep/gpf064},
  url     = {https://doi.org/10.1093/oep/gpf064}
}


@article{Fearon2003,
  author  = {Fearon, James D. and Laitin, David D.},
  journal = {American Political Science Review},
  month   = {2},
  number  = {1},
  pages   = {75--90},
  title   = {{Ethnicity, Insurgency, and Civil War}},
  volume  = {97},
  year    = {2003},
  doi     = {10.1017/s0003055403000534},
  url     = {https://doi.org/10.1017/s0003055403000534},
  pages   = {75--90}
}



@article{Fearon1995,
  author  = {Fearon, James D.},
  journal = {International Organization},
  month   = {1},
  number  = {3},
  pages   = {379--414},
  title   = {{Rationalist explanations for war}},
  volume  = {49},
  year    = {1995},
  doi     = {10.1017/s0020818300033324},
  url     = {https://doi.org/10.1017/s0020818300033324}
}


@article{Fjelde2014,
  author  = {Fjelde, Hanne and Höglund, Kristine},
  journal = {British Journal of Political Science},
  month   = {8},
  number  = {2},
  pages   = {297--320},
  title   = {{Electoral Institutions and Electoral Violence in Sub-Saharan Africa}},
  volume  = {46},
  year    = {2014},
  doi     = {10.1017/s0007123414000179},
  url     = {https://doi.org/10.1017/s0007123414000179}
}

@article{Lijphart1969,
  author  = {Lijphart, Arend},
  journal = {World Politics},
  month   = {1},
  number  = {2},
  pages   = {207--225},
  title   = {{Consociational democracy}},
  volume  = {21},
  year    = {1969},
  doi     = {10.2307/2009820},
  url     = {https://doi.org/10.2307/2009820}
}

@book{Lijphart1977,
  author    = {Arend Lijphart},
  publisher = {Yale University Press},
  title     = {{Democracy in Plural Societies: A Comparative Exploration}},
  year      = {1977}
}

@article{Fortna2004,
  author  = {Fortna, Virginia Page},
  journal = {World Politics},
  month   = {7},
  number  = {4},
  pages   = {481--519},
  title   = {{Interstate Peacekeeping: Causal Mechanisms and Empirical Effects}},
  volume  = {56},
  year    = {2004},
  doi     = {10.1353/wp.2005.0004},
  url     = {https://doi.org/10.1353/wp.2005.0004}
}


@article{Bara2020,
  author  = {Bara, Corinne and Hultman, Lisa},
  journal = {International Peacekeeping},
  month   = {3},
  number  = {3},
  pages   = {341--368},
  title   = {{Just Different Hats? Comparing UN and Non-UN Peacekeeping}},
  volume  = {27},
  year    = {2020},
  doi     = {10.1080/13533312.2020.1737023},
  url     = {https://doi.org/10.1080/13533312.2020.1737023}
}



@inbook{Mahoney2015,
  author    = {Mahoney, James and Rodríguez-Franco, Diana},
  booktitle = {{The Oxford Handbook of the Politics of Development}},
  pages     = {22--42},
  title     = {{Dependency Theory}},
  year      = {2015},
  editor    = {Carol Lancaster and van de Walle, Nicolas},
  doi       = {10.1093/oxfordhb/9780199845156.013.13},
  url       = {https://doi.org/10.1093/oxfordhb/9780199845156.013.13}
}


@article{dosSantos1970,
  issn    = {00028282},
  url     = {http://www.jstor.org/stable/1815811},
  author  = {Theotonio dos Santos},
  journal = {The American Economic Review},
  number  = {2},
  pages   = {231--236},
  title   = {{The Structure of Dependence}},
  volume  = {60},
  year    = {1970}
}

@book{Wallerstein2011,
  isbn      = {9780520267572},
  url       = {http://www.jstor.org/stable/10.1525/j.ctt1pnrj9},
  author    = {Immanuel Wallerstein},
  edition   = {1},
  publisher = {University of California Press},
  title     = {{The Modern World-System I: Capitalist Agriculture and the Origins of the European World-Economy in the Sixteenth Century}},
  year      = {2011}
}


@article{doi:10.1086/700936,
  author  = {Acemoglu, Daron and Naidu, Suresh and Restrepo, Pascual and Robinson, James A.},
  title   = {{Democracy Does Cause Growth}},
  journal = {Journal of Political Economy},
  volume  = {127},
  number  = {1},
  pages   = {47-100},
  year    = {2019},
  doi     = {10.1086/700936},
  url     = {https://doi.org/10.1086/700936}
}

@article{Doucouliagos2008,
  author  = {Doucouliagos, Hristos and Ulubaşoğlu, Mehmet},
  journal = {American Journal of Political Science},
  month   = {1},
  number  = {1},
  pages   = {61--83},
  title   = {{Democracy and Economic Growth: A Meta‐Analysis}},
  volume  = {52},
  year    = {2008},
  doi     = {10.1111/j.1540-5907.2007.00299.x},
  url     = {https://doi.org/10.1111/j.1540-5907.2007.00299.x}
}


@article{Samuels2022,
  author  = {Samuels, David and Vargas, Thomas R.},
  journal = {World Development},
  month   = {2},
  pages   = {106136},
  title   = {{Democracy, rural inequality, and education spending}},
  volume  = {162},
  year    = {2022},
  doi     = {10.1016/j.worlddev.2022.106136},
  url     = {https://doi.org/10.1016/j.worlddev.2022.106136}
}

@book{Krasner1983,
  author    = {Krasner, Stephen D.},
  month     = {1},
  publisher = {Cornell University Press},
  title     = {{International regimes}},
  year      = {1983}
}

@book{Rittberger2013,
  author    = {Rittberger, Volker and Zangl, Bernhard and Kruck, Andreas},
  month     = {10},
  publisher = {Springer},
  title     = {{Internationale Organisationen}},
  year      = {2013}
}


@article{Pevehouse2004,
  author    = {Jon Pevehouse and Timothy Nordstrom and Kevin Warnke},
  journal   = {Conflict Management and Peace Science},
  number    = {2},
  pages     = {101--119},
  publisher = {Sage Publications, Ltd.},
  title     = {The Correlates of War 2 International Governmental Organizations Data Version 2.0},
  urldate   = {2024-02-17},
  volume    = {21},
  year      = {2004},
  doi       = {10.1080/07388940490463933}
}

@article{Abbott1998,
  author  = {Abbott, Kenneth W. and Snidal, Duncan},
  journal = {Journal of Conflict Resolution},
  month   = {2},
  number  = {1},
  pages   = {3--32},
  title   = {{Why States Act through Formal International Organizations}},
  volume  = {42},
  year    = {1998},
  doi     = {10.1177/0022002798042001001},
  url     = {https://doi.org/10.1177/0022002798042001001}
}


@article{Abbott2000,
  author  = {Abbott, Kenneth W. and Keohane, Robert O. and Moravcsik, Andrew and Slaughter, Anne Marie and Snidal, Duncan},
  journal = {International Organization},
  month   = {1},
  number  = {3},
  pages   = {401--419},
  title   = {{The Concept of Legalization}},
  volume  = {54},
  year    = {2000},
  doi     = {10.1162/002081800551271},
  url     = {https://doi.org/10.1162/002081800551271}
}


@article{Putnam1988,
  author  = {Putnam, Robert D.},
  journal = {International Organization},
  month   = {1},
  number  = {3},
  pages   = {427--460},
  title   = {{Diplomacy and domestic politics: the logic of two-level games}},
  volume  = {42},
  year    = {1988},
  doi     = {10.1017/s0020818300027697},
  url     = {https://doi.org/10.1017/s0020818300027697}
}


@inbook{Dunning2002,
  author    = {Dunning, John H.},
  month     = {1},
  publisher = {Edward Elgar Publishing},
  title     = {Trade, location of economic activity and the multinational enterprise: a search for an eclectic approach},
  booktitle = {{The Selected Essays of John H. Dunning: Theories and paradigms of international business activity}},
  editor    = {Dunning, John H.},
  pages     = {52--76},
  year      = {2002}
}


@article{Frieden1991,
  author  = {Frieden, Jeffry},
  journal = {International Organization},
  month   = {1},
  number  = {4},
  pages   = {425--451},
  title   = {{Invested interests: the politics of national economic policies in a world of global finance}},
  volume  = {45},
  year    = {1991},
  doi     = {10.1017/s0020818300033178},
  url     = {https://doi.org/10.1017/s0020818300033178}
}

@article{Blair2021,
  author  = {Blair, Graeme and Christensen, Darin and Rudkin, Aaron},
  journal = {American Political Science Review},
  month   = {1},
  number  = {2},
  pages   = {709--716},
  title   = {{Do Commodity Price Shocks Cause Armed Conflict? A Meta-Analysis of Natural Experiments}},
  volume  = {115},
  year    = {2021},
  doi     = {10.1017/s0003055420000957},
  url     = {https://doi.org/10.1017/s0003055420000957}
}

@article{Yordanova2011,
  author  = {Yordanova, Nikoleta},
  journal = {European Union Politics},
  month   = {8},
  number  = {4},
  pages   = {597--617},
  title   = {{The European Parliament: In need of a theory}},
  volume  = {12},
  year    = {2011},
  doi     = {10.1177/1465116511417188},
  url     = {https://doi.org/10.1177/1465116511417188}
}


@article{Whitaker2017,
  author  = {Whitaker, Richard and Hix, Simon and Zapryanova, Galina},
  journal = {European Union Politics},
  month   = {1},
  number  = {3},
  pages   = {491--506},
  title   = {{Understanding Members of the European Parliament: Four waves of the European Parliament Research Group MEP survey}},
  volume  = {18},
  year    = {2017},
  doi     = {10.1177/1465116516687399},
  url     = {https://doi.org/10.1177/1465116516687399}
}


@article{Prosser2016,
  author  = {Prosser, Christopher},
  journal = {European Union Politics},
  month   = {7},
  number  = {3},
  pages   = {366--386},
  title   = {{Second order electoral rules and national party systems: The Duvergerian effects of European Parliament elections}},
  volume  = {17},
  year    = {2016},
  doi     = {10.1177/1465116516633300},
  url     = {https://doi.org/10.1177/1465116516633300}
}


@article{Winzen2022,
  author  = {Winzen, Thomas},
  journal = {European Union Politics},
  month   = {6},
  number  = {1},
  pages   = {42--62},
  title   = {{Does differentiated integration weaken parliamentary involvement? Evidence from the European Union's interparliamentary conferences}},
  volume  = {24},
  year    = {2022},
  doi     = {10.1177/14651165221104907},
  url     = {https://doi.org/10.1177/14651165221104907}
}


@article{Meissner2019,
  author  = {Meissner, Katharina L. and Schoeller, Magnus G.},
  journal = {Journal of European Public Policy},
  month   = {5},
  number  = {7},
  pages   = {1075--1093},
  title   = {{Rising despite the polycrisis? The European Parliament’s strategies of self-empowerment after Lisbon}},
  volume  = {26},
  year    = {2019},
  doi     = {10.1080/13501763.2019.1619187},
  url     = {https://doi.org/10.1080/13501763.2019.1619187}
}

@article{Heermann2020,
  author  = {Heermann, Max and Leuffen, Dirk},
  journal = {JCMS: Journal of Common Market Studies},
  month   = {2},
  number  = {4},
  pages   = {1016--1033},
  title   = {{No Representation without Integration! Why Differentiated Integration Challenges the Composition of the European Parliament}},
  volume  = {58},
  year    = {2020},
  doi     = {10.1111/jcms.13015},
  url     = {https://doi.org/10.1111/jcms.13015}
}

@article{Kroll2014,
  author  = {Kroll, Daniela Annette and Leuffen, Dirk},
  journal = {Journal of European Public Policy},
  month   = {9},
  number  = {3},
  pages   = {353--373},
  title   = {{Enhanced cooperation in practice. An analysis of differentiated integration in EU secondary law}},
  volume  = {22},
  year    = {2014},
  doi     = {10.1080/13501763.2014.956781},
  url     = {https://doi.org/10.1080/13501763.2014.956781}
}

@article{Malang2020,
  author  = {Malang, Thomas and Holzinger, Katharina},
  journal = {The Review of International Organizations},
  month   = {5},
  number  = {3},
  pages   = {741--766},
  title   = {{The political economy of differentiated integration: The case of common agricultural policy}},
  volume  = {15},
  year    = {2020},
  doi     = {10.1007/s11558-020-09384-z},
  url     = {https://doi.org/10.1007/s11558-020-09384-z}
}


@article{Zhelyazkova2014,
  author  = {Zhelyazkova, Asya},
  journal = {European Journal of Political Research},
  month   = {7},
  number  = {4},
  pages   = {727--746},
  title   = {{From selective integration into selective implementation: The link between differentiated integration and conformity with EU laws}},
  volume  = {53},
  year    = {2014},
  doi     = {10.1111/1475-6765.12062},
  url     = {https://doi.org/10.1111/1475-6765.12062}
}

@article{Telle2022,
  author  = {Telle, Stefan and De Blok, Lisanne and De Vries, Catherine E. and Cicchi, Lorenzo},
  journal = {JCMS: Journal of Common Market Studies},
  month   = {5},
  number  = {6},
  pages   = {1663--1683},
  title   = {{Elite‐Mass Linkages in the Preference Formation on Differentiated Integration}},
  volume  = {60},
  year    = {2022},
  doi     = {10.1111/jcms.13339},
  url     = {https://doi.org/10.1111/jcms.13339}
}

@article{Moland2023,
  author  = {Moland, Martin},
  journal = {JCMS: Journal of Common Market Studies},
  month   = {3},
  number  = {1},
  pages   = {55--73},
  title   = {{Opting for Opt‐outs? National Identities and Support for a Differentiated EU}},
  volume  = {62},
  year    = {2023},
  doi     = {10.1111/jcms.13478},
  url     = {https://doi.org/10.1111/jcms.13478}
}

@article{Hooghe2009,
  author  = {Hooghe, Liesbet and Marks, Gary},
  journal = {British Journal of Political Science},
  month   = {1},
  number  = {1},
  pages   = {1--23},
  title   = {{A Postfunctionalist Theory of European Integration: From Permissive Consensus to Constraining Dissensus}},
  volume  = {39},
  year    = {2009},
  doi     = {10.1017/s0007123408000409},
  url     = {https://doi.org/10.1017/s0007123408000409}
}

@article{Hutter2019,
  author  = {Hutter, Swen and Kriesi, Hanspeter},
  journal = {Journal of European Public Policy},
  month   = {5},
  number  = {7},
  pages   = {996--1017},
  title   = {{Politicizing Europe in times of crisis}},
  volume  = {26},
  year    = {2019},
  doi     = {10.1080/13501763.2019.1619801},
  url     = {https://doi.org/10.1080/13501763.2019.1619801}
}


@book{Schimmelfennig2020,
  author    = {Schimmelfennig, Frank and Winzen, Thomas},
  month     = {2},
  publisher = {Oxford University Press},
  title     = {{Ever looser Union? Differentiated European Integration}},
  year      = {2020}
}


@book{Moravcsik1998,
  author    = {Moravcsik, Andrew},
  month     = {1},
  publisher = {Routledge},
  title     = {{The Choice for Europe: Social Purpose and State Power from Messina to Maastricht}},
  year      = {1998}
}

@article{Holzinger2012,
  author  = {Holzinger, Katharina and Schimmelfennig, Frank},
  journal = {Journal of European Public Policy},
  month   = {3},
  number  = {2},
  pages   = {292--305},
  title   = {{Differentiated integration in the European Union : Many concepts, sparse theory, few data}},
  volume  = {19},
  year    = {2012},
  doi     = {10.1080/13501763.2012.641747},
  url     = {https://doi.org/10.1080/13501763.2012.641747}
}

@online{Cunningham2024,
  author       = {Kevin Cunningham and Simon Hix and Susi Dennison and Imogen Learmouth},
  publisher    = {European Council on Foreign Relations},
  title        = {{A sharp right turn: A forecast for the 2024 European Parliament elections}},
  url          = {https://ecfr.eu/publication/a-sharp-right-turn-a-forecast-for-the-2024-european-parliament-elections/},
  date         = {2024-01-23},
  organization = {European Council on Foreign Relations}
}

@inbook{Genschel2013,
  author    = {Philipp Genschel and Markus Jachtenfuchs},
  title     = {{Introduction: Beyond Market Regulation. Analysing the European Integration of Core State Powers}},
  booktitle = {{Beyond the Regulatory Polity? The European Integration of Core State Powers}},
  editor    = {Philipp Genschel and Markus Jachtenfuchs},
  year      = {2013},
  publisher = {Oxford University Press},
  pages     = {1--23},
  url       = {https://doi.org/10.1093/acprof:oso/9780199662821.003.0001}
}

@article{Turner1979,
  author  = {Turner, John and Brown, Rupert and Tajfel, Henri},
  journal = {European Journal of Social Psychology},
  month   = {4},
  number  = {2},
  pages   = {187--204},
  title   = {{Social comparison and group interest in ingroup favouritism}},
  volume  = {9},
  year    = {1979},
  doi     = {10.1002/ejsp.2420090207},
  url     = {https://doi.org/10.1002/ejsp.2420090207}
}

@article{Tajfel1971,
  author  = {Tajfel, Henri and Billig, Michael and Bundy, R. P. and Flament, Claude},
  journal = {European Journal of Social Psychology},
  month   = {4},
  number  = {2},
  pages   = {149--178},
  title   = {{Social categorization and intergroup behaviour}},
  volume  = {1},
  year    = {1971},
  doi     = {10.1002/ejsp.2420010202},
  url     = {https://doi.org/10.1002/ejsp.2420010202}
}


@article{Sweet1997,
  author  = {Stone Sweet, Alec and Sandholtz, Wayne},
  journal = {Journal of European Public Policy},
  month   = {9},
  number  = {3},
  pages   = {297--317},
  title   = {{European integration and supranational governance}},
  volume  = {4},
  year    = {1997},
  doi     = {10.1080/13501769780000011},
  url     = {https://doi.org/10.1080/13501769780000011}
}


@article{DeVries2009,
  author  = {De Vries, Catherine E. and Edwards, Erica},
  journal = {Party Politics},
  month   = {1},
  number  = {1},
  pages   = {5--28},
  title   = {{Taking Europe to its Extremes: Extremist Parties and Public Euroscepticism}},
  volume  = {15},
  year    = {2009},
  doi     = {10.1177/1354068808097889},
  url     = {https://doi.org/10.1177/1354068808097889}
}

@article{Reif1980,
  author  = {Reif, Karlheinz and Schmitz, Hermann},
  journal = {European Journal of Political Research},
  month   = {3},
  number  = {1},
  pages   = {3--44},
  title   = {{Nine Second-Order National Elections – A Conceptual Framework for the Analysis of European Election Results}},
  volume  = {8},
  year    = {1980},
  doi     = {10.1111/j.1475-6765.1980.tb00737.x},
  url     = {https://doi.org/10.1111/j.1475-6765.1980.tb00737.x}
}

@book{Walzer1983,
  author    = {Walzer, Michael},
  month     = {1},
  title     = {{Spheres of Justice: A Defense of Pluralism and Equality}},
  year      = {1983},
  publisher = {Basic Books}
}

@inbook{Scharpf1993,
  author    = {Scharpf, Fritz W.},
  editor    = {Carl Böhret and Göttrik Wewer},
  editor    = {B{\"o}hret, Carl and Wewer, G{\"o}ttrik},
  title     = {{Legitimationsprobleme der Globalisierung Regieren in Verhandlungssystemen}},
  booktitle = {{Regieren im 21. Jahrhundert --- zwischen Globalisierung und Regionalisierung: Festgabe f{\"u}r Hans-Hermann Hartwich zum 65. Geburtstag}},
  year      = {1993},
  publisher = {VS Verlag f{\"u}r Sozialwissenschaften},
  pages     = {165--185},
  isbn      = {978-3-663-11267-9},
  doi       = {10.1007/978-3-663-11267-9_7},
  url       = {https://doi.org/10.1007/978-3-663-11267-9_7}
}

@article{Zürn1996,
  author    = {Michael Zürn},
  journal   = {{Politische Vierteljahresschrift}},
  number    = {1},
  pages     = {27--55},
  publisher = {Nomos Verlagsgesellschaft mbH},
  title     = {{Über den Staat und die Demokratie im europäischen Mehrebenensystem}},
  volume    = {37},
  year      = {1996}
}

@dataset{EUIYouGov2020,
  author    = {Philipp Genschel and Anton Hemerijck and Stephan Shakespeare and Jonathan van Parys and Lorenzo Cicchi and Mohamed Nasr},
  publisher = {European University Institute, Robert Schuman Centre for Advanced Studies},
  title     = {{EUI-YouGov survey on solidarity in Europe}},
  year      = {2020},
  note      = {Data set},
  url       = {https://hdl.handle.net/1814/67584}
}


%ResearchDesingII-------------------------------

@book{King1998,
  author    = {King, Gary},
  month     = {1},
  title     = {{Unifying Political Methodology: The Likelihood Theory of Statistical Inference}},
  year      = {1998},
  publisher = {{University of Michigan Press}},
  edition   = {1},
  doi       = {10.3998/mpub.23784},
  url       = {https://doi.org/10.3998/mpub.23784}
}


%Welfare-------------------------------


@article{Funk2011,
  author       = {given-i=P, given=Patricia, family=Funk and given-i=C, given=Christina, family=Gathmann},
  date         = {2011-06-27},
  doi          = {10.1111/j.1468-0297.2011.02451.x},
  journaltitle = {{The Economic Journal}},
  number       = {557},
  pages        = {1252--1280},
  title        = {{Does Direct Democracy Reduce the Size of Government? New Evidence from Historical Data, 1890-2000}},
  url          = {https://doi.org/10.1111/j.1468-0297.2011.02451.x},
  volume       = {121}
}


@article{Romer1979,
  author       = {given-i=T, given=Thomas, family=Römer and given-i=H, given=Howard, family=Rosenthal},
  date         = {1979-10-01},
  doi          = {10.1016/0047-2727(79)90010-0},
  journaltitle = {{Journal of Public Economics}},
  number       = {2},
  pages        = {143--170},
  title        = {The elusive median voter},
  url          = {https://doi.org/10.1016/0047-2727(79)90010-0},
  volume       = {12}
}



@article{Vollaard2016,
  author       = {given-i=H, given=Hans, family=Vollaard and given-i=H, given=Hester, family={Van De Bovenkamp} and given-i=DS, given={Dorte Sindbjerg}, family=Martinsen},
  date         = {2015-04-29},
  doi          = {10.1080/13501763.2015.1034160},
  journaltitle = {Journal of European Public Policy},
  number       = {2},
  pages        = {157--176},
  title        = {{The making of a European healthcare union: a federalist perspective}},
  url          = {https://doi.org/10.1080/13501763.2015.1034160},
  volume       = {23}
}



@book{Haas2004,
  author    = {given-i=EB, given={Ernst B.}, family=Haas},
  year      = {2004},
  publisher = {{University of Notre Dame Press}},
  title     = {{The Uniting of Europe: Political, Social, and Economic Forces 1950-1957}},
  edition   = {3}
}


@article{Risse2005,
  author       = {given-i=T, given=Thomas, family=Risse},
  date         = {2005-04-01},
  doi          = {10.1080/13501760500044033},
  journaltitle = {{Journal of European Public Policy}},
  number       = {2},
  pages        = {291--309},
  title        = {{Neofunctionalism, European identity, and the puzzles of European integration}},
  url          = {https://doi.org/10.1080/13501760500044033},
  volume       = {12}
}


@book{Elazar1987,
  author    = {given-i=DJ, given={Daniel J.}, family=Elazar},
  date      = {1987-01-30},
  publisher = {University Alabama Press},
  title     = {{Exploring Federalism}}
}


@book{Watts2008,
  author    = {given-i=RL, given={Ronald Lampman}, family=Watts},
  date      = {2008-01-01},
  publisher = {Queen's Policy Studies},
  title     = {{Comparing Federal Systems}},
  edition   = {3},
  publisher = {{McGill-Queen's University Press}}
}

@article{Mahoney2000,
  author       = {given-i=J, given=James, family=Mahoney},
  date         = {2000-01-01},
  doi          = {10.1023/a:1007113830879},
  journaltitle = {Theory and society},
  number       = {4},
  pages        = {507--548},
  title        = {Path dependence in historical sociology},
  url          = {https://doi.org/10.1023/a:1007113830879},
  volume       = {29}
}


@inbook{Obinger2005,
  author    = {given-i=H, given=Herbert, family=Obinger and given-i=FG, given=Francis G., family=Castles and given-i=S, given=Stephan, family=Leibfried},
  title     = {{Introduction: Federalism and the welfare state}},
  booktitle = {{Federalism and the Welfare State: New World and European Experiences}},
  editor    = {given-i=H, given=Herbert, family=Obinger and given-i=FG, given=Francis G., family=Castles and given-i=S, given=Stephan, family=Leibfried},
  year      = {2005},
  pages     = {1--48}
}


@online{EC2021,
  author = {{European Commission}},
  title  = {{The Commission proposes the next generation of EU own resources}},
  date   = {2021-12-22},
  note   = {Press release},
  url    = {https://ec.europa.eu/commission/presscorner/detail/en/ip_21_7025}
}

@article{Alesina2023,
  author       = {given-i=A, given=Alberto, family=Alesina and given-i=A, given=Armando, family=Miano and given-i=S, given=Stefanie, family=Stantcheva},
  year         = {2023},
  doi          = {10.1093/restud/rdac011},
  journaltitle = {{Review of Economic Studies}},
  number       = {1},
  pages        = {1--39},
  title        = {{Immigration and Redistribution}},
  url          = {https://doi.org/10.1093/restud/rdac011},
  volume       = {90}
}


@article{Baute2018,
  author       = {given-i=S, given=Sharon, family=Baute and given-i=B, given=Bart, family=Meuleman and given-i=K, given=Koen, family=Abts and given-i=M, given=Marc, family=Swyngedouw},
  date         = {2018-01-10},
  doi          = {10.1177/1465116517749769},
  journaltitle = {European Union politics},
  number       = {2},
  pages        = {209--232},
  title        = {European integration as a threat to social security: Another source of Euroscepticism?},
  url          = {https://doi.org/10.1177/1465116517749769},
  volume       = {19}
}


@article{Hjorth2015,
  author       = {given-i=F, given=Frederik, family=Hjorth},
  date         = {2015-10-14},
  doi          = {10.1177/1465116515607371},
  journaltitle = {{European Union Politics}},
  number       = {1},
  pages        = {3--24},
  title        = {{Who benefits? Welfare chauvinism and national stereotypes}},
  url          = {https://doi.org/10.1177/1465116515607371},
  volume       = {17}
}


@article{Shayo2009,
  author       = {given-i=M, given=Moses, family=Shayo},
  date         = {2009-05-01},
  doi          = {10.1017/s0003055409090194},
  journaltitle = {The American Political Science Review},
  number       = {2},
  pages        = {147--174},
  title        = {{A Model of Social Identity with an Application to Political Economy: Nation, Class, and Redistribution}},
  url          = {https://doi.org/10.1017/s0003055409090194},
  volume       = {103}
}


@article{Baute2019,
  author       = {given-i=S, given=Sharon, family=Baute and given-i=K, given=Koen, family=Abts and given-i=B, given=Bart, family=Meuleman},
  date         = {2019-02-04},
  doi          = {10.1111/jcms.12833},
  journaltitle = {Journal of Common Market Studies},
  number       = {3},
  pages        = {533--550},
  title        = {{Public Support for European Solidarity: Between Euroscepticism and EU Agenda Preferences?}},
  url          = {https://doi.org/10.1111/jcms.12833},
  volume       = {57}
}

@article{Andersen1990,
  author       = {given-i=JG, given={Jørgen Goul}, family=Andersen and given-i=T, given=Tor, family=Bjørklund},
  date         = {1990-07-01},
  doi          = {10.1177/000169939003300303},
  journaltitle = {Acta Sociologica},
  number       = {3},
  pages        = {195--217},
  title        = {{Structural Changes and New Cleavages: the Progress Parties in Denmark and Norway}},
  url          = {https://doi.org/10.1177/000169939003300303},
  volume       = {33}
}


@article{Careja2022,
  author       = {given-i=R, given=Romana, family=Careja and given-i=E, given=Eloisa, family=Harris},
  date         = {2022-03-02},
  doi          = {10.1177/09589287211068796},
  journaltitle = {Journal of European Social Policy},
  number       = {2},
  pages        = {212--224},
  title        = {{Thirty years of welfare chauvinism research: Findings and challenges}},
  url          = {https://doi.org/10.1177/09589287211068796},
  volume       = {32}
}

@article{Scheepers2002,
  author       = {given-i=P, given=P., family=Scheepers},
  date         = {2002-03-01},
  doi          = {10.1093/esr/18.1.17},
  journaltitle = {European Sociological Review},
  number       = {1},
  pages        = {17--34},
  title        = {Ethnic Exclusionism in European Countries. Public Opposition to Civil Rights for Legal Migrants as a Response to Perceived Ethnic Threat},
  url          = {https://doi.org/10.1093/esr/18.1.17},
  volume       = {18}
}


@article{Busemeyer2021,
  author       = {given-i=MR, given={Marius R.}, family=Busemeyer and given-i=P, given=Philip, family=Rathgeb and given-i=AHJ, given={Alexander H. J.}, family=Sahm},
  date         = {2021-03-02},
  doi          = {10.1080/01402382.2021.1886497},
  journaltitle = {West European Politics},
  number       = {1},
  pages        = {77--101},
  title        = {Authoritarian values and the welfare state: the social policy preferences of radical right voters},
  url          = {https://doi.org/10.1080/01402382.2021.1886497},
  volume       = {45}
}


@article{Reskeens2018,
  author       = {given-i=T, given=Tim, family=Reeskens and given-i=T, given=Tom, family={Van Der Meer}},
  date         = {2018-05-31},
  doi          = {10.1177/0958928718768335},
  journaltitle = {Journal of European Social Policy},
  number       = {2},
  pages        = {166--181},
  title        = {{The inevitable deservingness gap: A study into the insurmountable immigrant penalty in perceived welfare deservingness}},
  url          = {https://doi.org/10.1177/0958928718768335},
  volume       = {29}
}



@article{vanOorschot2000,
  author       = {given-i=W, given=Wim, family=Oorschot, prefix=van},
  date         = {2000-01-01},
  doi          = {10.1332/0305573002500811},
  journaltitle = {Policy {\&} Politics},
  number       = {1},
  pages        = {33--48},
  title        = {Who should get what, and why? On deservingness criteria and the conditionality of solidarity among the public},
  url          = {https://doi.org/10.1332/0305573002500811},
  volume       = {28}
}


@article{vanOorschot2006,
  author       = {given-i=W, given=Wim, family=Oorschot, prefix=van},
  date         = {2006-02-01},
  doi          = {10.1177/0958928706059829},
  journaltitle = {Journal of European Social Policy},
  number       = {1},
  pages        = {23--42},
  title        = {Making the difference in social Europe: deservingness perceptions among citizens of European welfare states},
  url          = {https://doi.org/10.1177/0958928706059829},
  volume       = {16}
}


@article{Cavaille2015,
  author       = {given-i=C, given=Charlotte, family=Cavaillé and given-i=K, given=Kris-Stella, family=Trump},
  date         = {2015-01-01},
  doi          = {10.1086/678312},
  journaltitle = {The Journal of Politics},
  number       = {1},
  pages        = {146--160},
  title        = {{The Two Facets of Social Policy Preferences}},
  url          = {https://doi.org/10.1086/678312},
  volume       = {77}
}

@book{deSwaan1988,
  title     = {{In Care of the State: Health Care, Education, and Welfare in Europe and the USA in the Modern Era}},
  author    = {prefix=de, family=Swaan, given=Abram},
  isbn      = {9780195207033},
  lccn      = {88019535},
  year      = {1988},
  publisher = {Oxford University Press}
}


@book{Cook1979,
  title     = {Who Should Be Helped?: Public Support for Social Services},
  author    = {Cook, Fay Lomax},
  year      = {1979},
  publisher = {Sage Publications}
}

@article{Will1993,
  author       = {given-i=J, given=J.A., family=Will},
  date         = {1993-09-01},
  doi          = {10.1006/ssre.1993.1016},
  journaltitle = {Social Science Research},
  number       = {3},
  pages        = {312--332},
  title        = {The Dimensions of Poverty: Public Perceptions of the Deserving Poor},
  url          = {https://doi.org/10.1006/ssre.1993.1016},
  volume       = {22}
}


@article{Romer1975,
  author       = {given-i=T, given=Thomas, family=Romer},
  date         = {1975-02-01},
  doi          = {10.1016/0047-2727(75)90016-x},
  journaltitle = {Journal of Public Economics},
  number       = {2},
  pages        = {163--185},
  title        = {Individual welfare, majority voting, and the properties of a linear income tax},
  url          = {https://doi.org/10.1016/0047-2727(75)90016-x},
  volume       = {4}
}


@article{Meltzer1981,
  author       = {given-i=AH, given={Allan H.}, family=Meltzer and given-i=SF, given={Scott F.}, family=Richard},
  date         = {1981-10-01},
  doi          = {10.1086/261013},
  journaltitle = {Journal of Political Economy},
  number       = {5},
  pages        = {914--927},
  title        = {A Rational Theory of the Size of Government},
  url          = {https://doi.org/10.1086/261013},
  volume       = {89}
}


@book{Acemoglu2005,
  author = {given-i=D, given=Daron, family=Acemoğlu and given-i=JA, given={James A.}, family=Robinson},
  date   = {2005-12-19},
  doi    = {10.1017/cbo9780511510809},
  title  = {Economic Origins of Dictatorship and Democracy},
  url    = {https://doi.org/10.1017/cbo9780511510809}
}

@article{Rydgren2011,
  author       = {given-i=J, given=Jens, family=Rydgren and given-i=P, given=Patrick, family=Ruth},
  date         = {2011-05-25},
  doi          = {10.1111/j.1467-9477.2011.00269.x},
  journaltitle = {Scandinavian Political Studies},
  number       = {3},
  pages        = {202--225},
  title        = {{Voting for the Radical Right in Swedish Municipalities: Social Marginality and Ethnic Competition?}},
  url          = {https://doi.org/10.1111/j.1467-9477.2011.00269.x},
  volume       = {34}
}


@article{Abouchadi2014,
  author       = {given-i=T, given=Tarik, family=Abou-Chadi},
  date         = {2014-06-24},
  doi          = {10.1017/s0007123414000155},
  journaltitle = {British Journal of Political Science},
  number       = {2},
  pages        = {417--436},
  title        = {{Niche Party Success and Mainstream Party Policy Shifts – How Green and Radical Right Parties Differ in Their Impact}},
  url          = {https://doi.org/10.1017/s0007123414000155},
  volume       = {46}
}

@article{Halikiopoulou2018,
  author       = {given-i=D, given=Daphne, family=Halikiopoulou},
  date         = {2018-07-26},
  doi          = {10.1111/jcms.12769},
  journaltitle = {JCMS Journal of Common Market Studies},
  number       = {S1},
  pages        = {63--73},
  title        = {A Right‐wing Populist Momentum? A Review of 2017 Elections Across Europe},
  url          = {https://doi.org/10.1111/jcms.12769},
  volume       = {56}
}

@online{Schofield2024,
  author       = {given-i=H, given=Hugh, family=Schofield},
  publisher    = {BBC},
  title        = {{Macron takes huge risk with surprise election}},
  url          = {https://www.bbc.com/news/articles/c8009e2z4xlo},
  date         = {2024-06-09},
  organization = {BBC}
}

@article{Zulaniello2023,
  author       = {given-i=M, given=Mattia, family=Zulianello and given-i=EG, given={Erik Gahner}, family=Larsen},
  date         = {2023-02-27},
  doi          = {10.1177/13540688231161205},
  journaltitle = {Party Politics},
  number       = {1},
  pages        = {190--199},
  title        = {{Blurred positions: The ideological ambiguity of valence populist parties}},
  url          = {https://doi.org/10.1177/13540688231161205},
  volume       = {30}
}


@article{Taggart2004,
  author       = {given-i=P, given=Paul, family=Taggart},
  date         = {2004-10-01},
  doi          = {10.1080/1356931042000263528},
  journaltitle = {Journal of Political Ideologies},
  number       = {3},
  pages        = {269--288},
  title        = {{Populism and representative politics in contemporary Europe}},
  url          = {https://doi.org/10.1080/1356931042000263528},
  volume       = {9}
}


@article{Mondon2022,
  author       = {given-i=A, given=Aurelien, family=Mondon},
  date         = {2022-06-23},
  doi          = {10.1177/02633957221104726},
  journaltitle = {Politics},
  pages        = {026339572211047},
  title        = {{Populism, public opinion, and the mainstreaming of the far right: The ‘immigration issue’ and the construction of a reactionary ‘people’}},
  url          = {https://doi.org/10.1177/02633957221104726}
}

@article{Rovny2019,
	author = {given-i=J, given=Jan, family=Rovny and given-i=J, given=Jonathan, family=Polk},
	date = {2019-09-24},
	doi = {10.1111/1475-6765.12356},
	journaltitle = {European Journal of Political Research},
	number = {2},
	pages = {248--268},
	title = {{Still blurry? Economic salience, position and voting for radical right parties in Western Europe}},
	url = {https://doi.org/10.1111/1475-6765.12356},
	volume = {59},
}

@book{Kitschelt1995,
	author = {given-i=H, given=Herbert, family=Kitschelt and given-i=AJ, given={Anthony J.}, family=McGann},
	date = {1995-01-01},
	subtitle = {A Comparative Analysis},
	title = {{The Radical Right in Western Europe: A Comperative Analysis}},
  publisher = {University of Michigan Press}
}


@article{deLange2007,
	author = {given-i=SL, given={Sarah L.}, family={Lange}, prefix = {de}},
	date = {2007-07-01},
	doi = {10.1177/1354068807075943},
	journaltitle = {Party Politics},
	number = {4},
	pages = {411--435},
	title = {{A New Winning Formula?: The Programmatic Appeal of the Radical Right}},
	url = {https://doi.org/10.1177/1354068807075943},
	volume = {13},
}


@misc{Kitschelt2004,
	autor = {given-i=H, given=Herbert, family=Kitschelt},
	date = {2004-01-01},
	title = {{Diversification and Reconfiguration of Party Systems in Postindustrial Democracies}},
  publisher = {Friedrich Ebert Stiftung},
}

@article{Rovny2012,
	author = {given-i=J, given=Jan, family=Rovny},
	date = {2012-02-29},
	doi = {10.1017/s1755773911000282},
	journaltitle = {European Political Science Review},
	number = {1},
	pages = {1--26},
	title = {{Where do radical right parties stand? Position blurring in multidimensional competition}},
	url = {https://doi.org/10.1017/s1755773911000282},
	volume = {5},
}


@article{Afonso2014

,
	author = {given-i=A, given=Alexandre, family=Afonso},
	date = {2014-04-17},
	doi = {10.1017/s1755773914000125},
	journaltitle = {European Political Science Review},
	number = {2},
	pages = {271--292},
	title = {Choosing whom to betray: populist right-wing parties, welfare state reforms and the trade-off between office and votes},
	url = {https://doi.org/10.1017/s1755773914000125},
	volume = {7},
}


@inbook{Afonso2018,
	author = {given-i=A, given=Alexandre, family=Afonso and given-i=L, given=Line, family=Rennwald},
	date = {2018-05-24},
	doi = {10.1093/oso/9780198807971.003.0007},
	title = {{Social Class and the Changing Welfare State Agenda of Radical Right Parties in Europe}},
	url = {https://doi.org/10.1093/oso/9780198807971.003.0007},
  editor = {given-i=P, given=Philip, family=Manow and given-i=B, given=Bruno, family=Palier and given-i=H, given=Hanna, family=Schwander},
  booktitle = {{Welfare Democracies and Party Politics: Explaining Electoral Dynamics in Times of Changing Welfare Capitalism}},
  url = {https://doi.org/10.1093/oso/9780198807971.001.0001},
  pages = {171--194}

}





@book{manow-2018,
	author = {given-i=P, given=Philip, family=Manow and given-i=B, given=Bruno, family=Palier and given-i=H, given=Hanna, family=Schwander},
	date = {2018-05-24},
	doi = {10.1093/oso/9780198807971.001.0001},
	title = {Welfare Democracies and Party Politics},
	url = {https://doi.org/10.1093/oso/9780198807971.001.0001},
}

@article{Ivarsflaten2007,
	author = {given-i=E, given=Elisabeth, family=Ivarsflaten},
	date = {2007-10-17},
	doi = {10.1177/0010414006294168},
	journaltitle = {Comparative Political Studies},
	number = {1},
	pages = {3--23},
	title = {What unites Right-Wing populists in Western Europe?},
	url = {https://doi.org/10.1177/0010414006294168},
	volume = {41},
}


@article{Burgoon2020,
	author = {given-i=B, given=Brian, family=Burgoon and given-i=M, given=Matthijs, family=Rooduijn},
	date = {2020-01-13},
	doi = {10.1080/01402382.2019.1702297},
	journaltitle = {West European Politics},
	number = {2},
	pages = {177--203},
	title = {{‘Immigrationization’ of welfare politics? Anti-immigration and welfare attitudes in context}},
	url = {https://doi.org/10.1080/01402382.2019.1702297},
	volume = {44},
}


@article{Finseeras2023,
	author = {given-i=H, given=Henning, family=Finseraas and given-i=A, given=Atle, family=Haugsgjerd and given-i=S, given=Staffan, family=Kumlin},
	date = {2023-02-03},
	doi = {10.1080/13501763.2023.2166572},
	journaltitle = {Journal of European Public Policy},
	number = {5},
	pages = {1420--1437},
	title = {Immigration and welfare state sustainability: whose perception is affected by fiscal cost cues?},
	url = {https://doi.org/10.1080/13501763.2023.2166572},
	volume = {31},
}

@article{Finseraas2008,
	author = {given-i=H, given=Henning, family=Finseraas},
	date = {2008-10-15},
	doi = {10.1057/cep.2008.3},
	journaltitle = {Comparative European Politics},
	number = {4},
	pages = {407--431},
	title = {Immigration and Preferences for Redistribution: An Empirical Analysis of European Survey Data},
	url = {https://doi.org/10.1057/cep.2008.3},
	volume = {6},
}


@article{Hainmueller2014,
	author = {given-i=J, given=Jens, family=Hainmueller and given-i=DJ, given={Daniel J.}, family=Hopkins},
	date = {2014-05-11},
	doi = {10.1146/annurev-polisci-102512-194818},
	journaltitle = {Annual Review of Political Science},
	number = {1},
	pages = {225--249},
	title = {Public attitudes toward immigration},
	url = {https://doi.org/10.1146/annurev-polisci-102512-194818},
	volume = {17},
}


@article{Grande2018,
	author = {given-i=E, given=Edgar, family=Grande and given-i=T, given=Tobias, family=Schwarzbözl and given-i=M, given=Matthias, family=Fatke},
	date = {2018-10-23},
	doi = {10.1080/13501763.2018.1531909},
	journaltitle = {Journal of European Public Policy},
	number = {10},
	pages = {1444--1463},
	title = {Politicizing immigration in Western Europe},
	url = {https://doi.org/10.1080/13501763.2018.1531909},
	volume = {26},
}

@article{Gilens1995,
	author = {given-i=M, given=Martin, family=Gilens},
	date = {1995-11-01},
	doi = {10.2307/2960399},
	journaltitle = {The Journal of Politics},
	number = {4},
	pages = {994--1014},
	title = {{Racial Attitudes and Opposition to Welfare}},
	url = {https://doi.org/10.2307/2960399},
	volume = {57},
}

@book{Blalock1967,
	author = {given-i=H.M., given=Hubert M., family=Blalock},
	year = {1967},
	title = {{Toward a Theor of Minority-Group Relations}},
  publisher = {John Wiley {\&} Sons}
}

@book{Downs1957,
	author = {given-i=A, given=Anthony, family=Downs},
	date = {1957-01-01},
	publisher = {Harper},
	title = {{An Economic Theory of Democracy}},
}


@article{Rueda2015,
	author = {given-i=D, given=David, family=Rueda and given-i=D, given=Daniel, family=Stegmueller},
	date = {2015-08-21},
	doi = {10.1111/ajps.12212},
	journaltitle = {American Journal of Political Science},
	number = {2},
	pages = {472--489},
	title = {{The Externalities of Inequality: Fear of Crime and Preferences for Redistribution in Western Europe}},
	url = {https://doi.org/10.1111/ajps.12212},
	volume = {60},
}

@article{Becher2015,
	author = {given-i=M, given=Michael, family=Becher},
	date = {2015-12-09},
	doi = {10.1111/ajps.12242},
	journaltitle = {American Journal of Political Science},
	number = {3},
	pages = {768--782},
	title = {{Endogenous Credible Commitment and Party Competition over Redistribution under Alternative Electoral Institutions}},
	url = {https://doi.org/10.1111/ajps.12242},
	volume = {60},
}


@article{Alesina2001,
	author = {given-i=A, given=Alberto, family=Alesina and given-i=EL, given={Edward L.}, family=Glaeser and given-i=B, given=Bruce, family=Sacerdote},
	date = {2001-01-01},
	doi = {10.1353/eca.2001.0014},
	journaltitle = {Brookings Papers on Economic Activity},
	number = {2},
	pages = {187--277},
	title = {{Why Doesn't the United States Have a European-Style Welfare State?}},
	url = {https://doi.org/10.1353/eca.2001.0014},
	volume = {2001},
}

@book{Alesina2011,
	author = {given-i=A, given=Alberto, family=Alesina and given-i=P, given=Paola, family=Giuliano},
	booktitle = {{Handbook of Social Economics}},
  editor = {given-i = J, given =Jess, family = Benhabib and given-i = A., given= Alberto, family = Bisin and given-i = MO, given = {Matthew O.}, family= Jackson},
	date = {2011-01-01},
	doi = {10.1016/b978-0-444-53187-2.00004-8},
	pages = {93--131},
	title = {{Preferences for Redistribution}},
	url = {https://doi.org/10.1016/b978-0-444-53187-2.00004-8},
  publisher = {North-Holland},
  volume = {1},
}

@article{Iversen2001,
	author = {given-i=T, given=Torben, family=Iversen and given-i=D, given=David, family=Soskice},
	date = {2001-12-01},
	doi = {10.1017/s0003055400400079},
	journaltitle = {American Political Science Review},
	number = {4},
	pages = {875--893},
	title = {{An Asset Theory of Social Policy Preferences}},
	url = {https://doi.org/10.1017/s0003055400400079},
	volume = {95},
}


@article{Iversen2000,
	author = {given-i=T, given=Torben, family=Iversen and given-i=TR, given={Thomas R.}, family=Cusack},
	date = {2000-04-01},
	doi = {10.1017/s0043887100016567},
	journaltitle = {World Politics},
	number = {3},
	pages = {313--349},
	title = {The Causes of Welfare State Expansion: Deindustrialization or Globalization?},
	url = {https://doi.org/10.1017/s0043887100016567},
	volume = {52},
}

@article{Benabou2001,
	author = {given-i=R, given=R., family=Benabou and given-i=EA, given={E. A.}, family=Ok},
	date = {2001-05-01},
	doi = {10.1162/00335530151144078},
	journaltitle = {The Quarterly Journal of Economics},
	number = {2},
	pages = {447--487},
	title = {{Social Mobility and the Demand for Redistribution: The POUM Hypothesis}},
	url = {https://doi.org/10.1162/00335530151144078},
	volume = {116},
}

@article{Rehm2009,
	author = {given-i=P, given=Philipp, family=Rehm},
	date = {2009-01-30},
	doi = {10.1177/0010414008330595},
	journaltitle = {Comparative Political Studies},
	number = {7},
	pages = {855--881},
	title = {{Risks and Redistribution: An Individual-Level Analysis}},
	url = {https://doi.org/10.1177/0010414008330595},
	volume = {42},
}


@online{Cole2024,
	author = {given-i=D, given=Deborah, family=Cole },
  publisher    = {The Guardian},
  title        = {{Scholz urges German parties to exclude far right as AfD poised for state election victory}},
  url          = {https://www.theguardian.com/world/article/2024/sep/01/german-far-right-party-afd-state-election-victory-thuringia},
  date         = {2024-09-02},
  organization = {The Guardian},
}

@article{Schumacher2014,
	author = {given-i=G, given=Gijs, family=Schumacher and given-i=K, given=Kees, family={Van Kersbergen}},
	date = {2016-05-01},
	doi = {10.1177/1354068814549345},
	journaltitle = {Party Politics},
	number = {3},
	pages = {300--312},
	title = {Do mainstream parties adapt to the welfare chauvinism of populist parties?},
	url = {https://doi.org/10.1177/1354068814549345},
	volume = {22},
}

@article{Abouchadi2020,
	author = {given-i=T, given=Tarik, family=Abou-Chadi and given-i=W, given=Werner, family=Krause},
	date = {2020-07-01},
	doi = {10.1017/s0007123418000029},
	journaltitle = {British Journal of Political Science},
	number = {3},
	pages = {829--847},
	title = {The Causal Effect of Radical Right Success on Mainstream Parties’ Policy Positions: A Regression Discontinuity Approach},
	url = {https://doi.org/10.1017/s0007123418000029},
	volume = {50},
}

@article{Attwell2021,
	author = {given-i=D, given=David, family=Attewell},
	date = {2021-01-01},
	doi = {10.1080/01402382.2020.1715704},
	journaltitle = {West European Politics},
	number = {3},
	pages = {611--634},
	title = {{Deservingness perceptions, welfare state support and vote choice in Western Europe}},
	url = {https://doi.org/10.1080/01402382.2020.1715704},
	volume = {44},
}

@article{Sniderman2004,
	author = {given-i=PM, given={Paul M.}, family=Sniderman and given-i=L, given=Louk, family=Hagendoorn and given-i=M, given=Markus, family=Prior},
	date = {2004-02-01},
	doi = {10.1017/s000305540400098x},
	journaltitle = {American Political Science Review},
	number = {1},
	pages = {35--49},
	title = {{Predisposing Factors and Situational Triggers: Exclusionary Reactions to Immigrant Minorities}},
	url = {https://doi.org/10.1017/s000305540400098x},
	volume = {98},
}

@article{Kros2019,
	author = {given-i=M, given=Mathijs, family=Kros and given-i=M, given=Marcel, family=Coenders},
	date = {2019-06-18},
	doi = {10.1093/esr/jcz034},
	journaltitle = {European Sociological Review},
	number = {6},
	pages = {860--873},
	title = {{Explaining Differences in Welfare Chauvinism Between and Within Individuals Over Time: The Role of Subjective and Objective Economic Risk, Economic Egalitarianism, and Ethnic Threat}},
	url = {https://doi.org/10.1093/esr/jcz034},
	volume = {35},
}

@article{Achterberg2006,
	author = {given-i=P, given=Peter, family=Achterberg and given-i=D, given=Dick, family=Houtman},
	date = {2006-01-01},
	doi = {10.1111/j.1475-6765.2005.00291.x},
	journaltitle = {European Journal of Political Research},
	number = {1},
	pages = {75--92},
	title = {{Why do so many people vote ‘unnaturally’? A cultural explanation for voting behaviour}},
	url = {https://doi.org/10.1111/j.1475-6765.2005.00291.x},
	volume = {45},
}


@article{Garand2017,
	author = {given-i=JC, given={James C.}, family=Garand and given-i=P, given=Ping, family=Xu and given-i=BC, given={Belinda C.}, family=Davis},
	date = {2017-01-01},
	doi = {10.1111/ajps.12233},
	journaltitle = {American Journal of Political Science},
	number = {1},
	pages = {146--162},
	title = {{Immigration Attitudes and Support for the Welfare State in the American Mass Public}},
	url = {https://doi.org/10.1111/ajps.12233},
	volume = {61},
}


@inbook{Gilens2003,
  author = {given-i =M, given=Martin, fimily=Gilens},
  year = {2003},
  booktitle = {{Race and the Politics of Welfare Reform}},
  editor = {given-i=SF, given={Sanford F.}, family=Schram and given-i=JB, given={Joe Brian}, family=Soss and given-i=RC, given={Richard Carl}, family=Fording},
  publisher = {University of Michigan Press},
  title = {{How the Poor Became Black: The Racialization of American Poverty in the Mass Media}},
  pages = {101--130},
  doi = {https://doi.org/10.3998/mpub.11932}
}


@article{Nolan2019,
	author = {given-i=B, given=Brian, family=Nolan and given-i=MG, given={Matteo G.}, family=Richiardi and given-i=L, given=Luis, family=Valenzuela},
	date = {2019-06-17},
	doi = {10.1111/joes.12328},
	journaltitle = {Journal of Economic Surveys},
	number = {4},
	pages = {1285--1324},
	title = {{The drivers of inequality in rich countries}},
	url = {https://doi.org/10.1111/joes.12328},
	volume = {33},
}

@book{AOM,
	date = {2020-12-17},
	author = {family=Tarchi, given= Dario and family=Sermi, given=Francesco and family=Mcmahon, given=Simon and family=Kalantaryan, given=Sona and family=Belmonte, given=Martina and family=Urso, given=Giuliana},
	title = {Atlas of Migration -- 2020},
	publisher = {Publications Office of the European Union},
	doi = {10.2760/430992}
}


@article{Hanson2007,
	author = {given-i=GH, given={Gordon H.}, family=Hanson and given-i=K, given=Kenneth, family=Scheve and given-i=MJ, given={Matthew J.}, family=Slaughter},
	date = {2007-02-19},
	doi = {10.1111/j.1468-0343.2007.00300.x},
	journaltitle = {Economics and Politics},
	number = {1},
	pages = {1--33},
	title = {Public Finance and Indvidual Preferences Over Globalization Strategies},
	url = {https://doi.org/10.1111/j.1468-0343.2007.00300.x},
	volume = {19},
}

@book{Lipset1963,
	date = {1963-01-01},
	author = {family=Lipset, given= {Seymour Martin}, given-i =SM},
	title = {Political Man: The Social Bases of Politics},
	publisher = {Doubleday},
}


@article{Hooghe2002,
	author = {given-i=L, given=Liesbet, family=Hooghe and given-i=G, given=Gary, family=Marks and given-i=CJ, given={Carole J.}, family=Wilson},
	date = {2002-10-01},
	doi = {10.1177/001041402236310},
	journaltitle = {Comparative Political Studies},
	number = {8},
	pages = {965--989},
	title = {Does Left/Right Structure Party Positions on European Integration?},
	url = {https://doi.org/10.1177/001041402236310},
	volume = {35},
}


@article{Sides2007,
	author = {given-i=J, given=John, family=Sides and given-i=J, given=Jack, family=Citrin},
	date = {2007-06-05},
	doi = {10.1017/s0007123407000257},
	journaltitle = {British Journal of Political Science},
	number = {3},
	pages = {477--504},
	title = {European Opinion About Immigration: The Role of Identities, Interests and Information},
	url = {https://doi.org/10.1017/s0007123407000257},
	volume = {37},
}

@article{deKoster2012,
	author = {given-i=W, given=Willem, family=Koster, prefix=de and given-i=P, given=Peter, family=Achterberg and given-i=J, given=Jeroen, family=Waal, prefix={van der}},
	date = {2012-09-28},
	doi = {10.1177/0192512112455443},
	journaltitle = {International Political Science Review},
	number = {1},
	pages = {3--20},
	title = {The new right and the welfare state: The electoral relevance of welfare chauvinism and welfare populism in the Netherlands},
	url = {https://doi.org/10.1177/0192512112455443},
	volume = {34},
}


@inbook{Mewes2020,
	author = {given-i=J, given=Jan, family=Mewes and given-i=S, given=Steffen, family=Mau},
	publisher = {Stanford University Press},
	doi = {10.1515/9780804783170-008},
	pages = {119--157},
	title = {Unraveling Working-Class Welfare Chauvinism},
	url = {https://doi.org/10.1515/9780804783170-008},
	editor = {given-i=S, given=Stefan, family=Svallfors},
	date = {2012-08-29},
	publisher = {Stanford University Press},
	subtitle = {Welfare Attitudes in Europe and Beyond},
	booktitle = {Contested welfare states},
}

@article{Achterberg2011,
	author = {given-i=P, given=Peter, family=Achterberg and given-i=D, given=Dick, family=Houtman and given-i=A, given=Anton, family=Derks},
	date = {2011-10-01},
	journaltitle = {The Public Opinion Quarterly},
	number = {4},
	pages = {748--760},
	title = {Two of a Kind? An Empirical Investigation of Anti-Welfare and Economic Egalitarianism},
	volume = {75},
}


@article{Citrin1997,
	author = {given-i=J, given=Jack, family=Citrin and given-i=DP, given={Donald P.}, family=Green and given-i=C, given=Christopher, family=Muste and given-i=C, given=Cara, family=Wong},
	date = {1997-08-01},
	doi = {10.2307/2998640},
	journaltitle = {The Journal of Politics},
	number = {3},
	pages = {858--881},
	title = {Public Opinion Toward Immigration Reform: The Role of Economic Motivations},
	url = {https://doi.org/10.2307/2998640},
	volume = {59},
}


@article{Ivarsflaten2005,
	author = {given-i=E, given=Elisabeth, family=Ivarsflaten},
	date = {2005-04-01},
	doi = {10.1080/13689880500064577},
	journaltitle = {Journal of Elections Public Opinion and Parties},
	number = {1},
	pages = {21--45},
	title = {Threatened by diversity: Why restrictive asylum and immigration policies appeal to western Europeans},
	url = {https://doi.org/10.1080/13689880500064577},
	volume = {15},
}

@article{Ford2015,
	author = {given-i=R, given=Robert, family=Ford},
	date = {2016-01-01},
	doi = {10.1111/1467-9248.12194},
	journaltitle = {Political Studies},
	number = {3},
	pages = {630--650},
	title = {Who Should We Help? An Experimental Test of Discrimination in the British Welfare State},
	url = {https://doi.org/10.1111/1467-9248.12194},
	volume = {64},
}


@article{Hainmueller2007,
	author = {given-i=J, given=Jens, family=Hainmueller and given-i=MJ, given={Michael J.}, family=Hiscox},
	date = {2007-04-01},
	doi = {10.1017/s0020818307070142},
	journaltitle = {International Organization},
	number = {02},
	title = {Educated Preferences: Explaining attitudes toward immigration in Europe},
	url = {https://doi.org/10.1017/s0020818307070142},
	volume = {61},
}


@book{Coser1956,
	author = {given-i=LA, given=Lewis A., family=Coser},
	year = {1956},
	title = {The Functions of Social COnflict},
  publisher = {The Free Press}
}


@dataset{ess8,
  organization    = {ESS Round 8: European Social Survey Round 8 Data},
  publisher = {Norwegian Agency for Shared Services in Education and Research},
  title     = {{Data file edition 2.2}},
  year      = {2016},
  note      = {Data set},
  url       = {http://dx.doi.org/10.21338/NSD-ESS8-2016}
}

@dataset{ess4,
  organization    = {ESS Round 4: European Social Survey Round 4 Data},
  publisher = {Norwegian Agency for Shared Services in Education and Research},
  title     = {{Data file edition 4.5.}},
  year      = {2008},
  note      = {Data set},
  url       = {http://dx.doi.org/10.21338/NSD-ESS4-2008}
}


@online{May2023,
  author       = {given=Tiana, family=May, given-i=T},
  publisher    = {Railway-News},
  title        = {BREAKING: Rishi Sunak confirms cancellation of HS2 phase 2},
  url          = {https://railway-news.com/breaking-rishi-sunak-confirms-cancellation-of-hs2-phase-2/},
  date         = {2023-10-04},
  organization = {Railway-News},
}


@article{Sheffer2017,
	author = {given-i=L, given=Lior, family=Sheffer and given-i=PJ, given={Peter John}, family=Loewen and given-i=S, given=Stuart, family=Soroka and given-i=S, given=Stefaan, family=Walgrave and given-i=T, given=Tamir, family=Sheafer},
	date = {2017-12-28},
	doi = {10.1017/s0003055417000569},
	journaltitle = {American Political Science Review},
	number = {2},
	pages = {302--321},
	title = {Nonrepresentative Representatives: {An} Experimental Study of the Decision Making of Elected Politicians},
	url = {https://doi.org/10.1017/s0003055417000569},
	volume = {112},
}


@article{Kahnemann1979,
	author = {given-i=D, given=Daniel, family=Kahneman and given-i=A, given=Amos, family=Tversky},
	date = {1979-03-01},
	doi = {10.2307/1914185},
	journaltitle = {Econometrica},
	number = {2},
	pages = {263--291},
	title = {Prospect Theory: {An} Analysis of Decision under Risk},
	url = {https://doi.org/10.2307/1914185},
	volume = {47},
}

@article{Arkes1985,
	author = {given-i=HR, given={Hal R}, family=Arkes and given-i=C, given=Catherine, family=Blumer},
	date = {1985-02-01},
	doi = {10.1016/0749-5978(85)90049-4},
	journaltitle = {Organizational Behavior and Human Decision Processes},
	number = {1},
	pages = {124--140},
	title = {The psychology of sunk cost},
	url = {https://doi.org/10.1016/0749-5978(85)90049-4},
	volume = {35},
}
@Comment{jabref-meta: databaseType:bibtex;}
